2178 3376
187 115 228 155 132
405 124 540 158 innnxnnnnr
552 132 577 158 nr
588 131 700 159 nrrsronnn
713 123 756 159 238..
766 124 800 160 239

108 231 165 270 1160
186 232 237 274 anni
253 231 392 286 curriculum,
414 230 457 273 nisi
472 230 558 273 evidens
578 235 599 273 et
620 230 736 273 manifesta
757 231 876 275 necessitas
894 232 1037 288 impediverit,

101 292 142 330 1³11·
151 292 170 330 2·
186 304 298 359 appellans
314 317 376 346 suam
391 302 558 358 appeliationem
576 317 620 345 nou
634 302 700 345 fuerit
715 306 842 358 prosecutus
861 303 887 346 de
903 308 975 348 cetero
991 319 1038 347 sen-

185 376 254 417 tentia
269 375 317 430 ipsa
333 374 392 430 juste
411 374 499 429 prolata
516 373 625 416 firmitatis
644 373 711 417 robur
730 374 833 418 obtineat.
863 375 968 419 Preterea
987 380 1038 431 quo-

185 447 244 489 niam
256 445 353 501 prefatus
360 445 386 487 R.
395 446 510 489 eanonicus
522 445 612 488 ecclesie
619 445 721 488 Omnium
728 446 856 489 Sanctorum
867 461 889 489 se
900 449 1038 502 conqueritur

186 519 214 561 ab
230 518 321 561 ecclesia
333 518 381 572 ipsa
393 517 498 560 violenter
511 520 533 559 et
545 517 627 572 absque
642 518 768 560 rationabili
781 532 847 561 causa
860 518 952 573 ejectum
964 519 1038 573 fuisse,

186 589 318 633 fraternitati
333 592 374 631 tue
386 603 425 644 per
441 589 561 644 apostolica
576 589 658 644 scripta
673 589 808 643 mandamus,
822 590 923 644 quatinus
937 590 1039 633 abbatem

187 662 283 717 ejusdem
302 661 391 703 ecclesie
410 660 524 715 diligenter
542 674 685 715 commoneas,
704 665 729 703 ut
743 661 812 715 illum,
829 661 894 704 etiam
913 661 931 703 si
946 661 1002 705 forte
1016 662 1040 704 in

187 734 260 788 aliquo
276 732 414 787 deliquisset,
431 732 544 787 disciplina
562 732 680 775 secundum
698 732 758 774 beati
773 732 890 787 Augustini
905 733 1003 787 regulam
1019 737 1041 775 et

188 805 364 847 consuetudinem
386 804 466 847 ordinis
488 804 608 859 presoripte
630 803 719 846 ecclesie
735 807 829 858 servata,
851 804 874 846 in
893 803 1040 859 sepedictam

188 876 301 918 ecclesiam
319 875 416 930 recipiat.
447 874 499 917 Illos
521 889 581 930 nero,
604 890 657 929 quos
671 876 745 923 ,istum
764 875 891 918 verberasse
913 875 1040 930 constiterit,

187 948 230 990 nisi
250 947 306 990 forte
328 947 354 989 de
375 946 477 989 mandato
499 946 579 1001 prelati
600 948 634 989 sui
654 947 695 989 hoc
715 935 815 1001 fecerint,
837 951 882 989 tam
902 946 939 988 diu
953 946 1040 1002 publice

189 1018 301 1062 denunties
317 1018 461 1061 anathematis
477 1018 562 1061 uinculo
578 1018 700 1072 innodatos,
714 1018 782 1061 eloneo
794 1018 894 1062 detento
908 1018 1041 1061 satisfacturi

190 1104 279 1133 excessu
295 1105 343 1132 cum
362 1090 405 1131 tuis
426 1089 505 1131 litteris
526 1093 600 1133 nostro
619 1103 641 1132 se
661 1090 785 1144 conspectui
802 1092 958 1145 representent.
989 1089 1040 1132 Dat.

188 1161 288 1217 Anagnie
302 1160 350 1203 ΗΠ
365 1160 438 1204 Nonas
455 1160 559 1203 Ianuarii.

190 1366 247 1410 238.
263 1367 371 1406 Alexander
383 1366 418 1405 HI
426 1368 553 1406 saccatusque
570 1366 694 1417 qeiornndurn
709 1367 762 1417 cqieerl
776 1366 858 1405 Feratene
876 1366 961 1405 Geticae
977 1367 1041 1405 eiecit-

265 1439 315 1477 tienn
330 1424 468 1489 subjectionem
482 1438 556 1477 Maiori
570 1437 689 1476 rrioiiesterio
698 1438 811 1477 'enleibitune
826 1437 935 1488 corepirniet.

303 1517 351 1553 Bibl.
363 1522 401 1554 nat.
414 1518 472 1554 Paris.
485 1529 519 1553 ms.
531 1518 564 1553 lat.
577 1516 678 1553 rasabal.
692 1517 732 1553 196.
754 1517 831 1564 Scripsit
842 1517 932 1553 Martene.

250 1624 373 1668 Alexander
389 1625 502 1680 episeopus
519 1639 593 1667 servus
609 1638 719 1667 servorum
728 1624 770 1667 Dei
786 1624 870 1666 dilectis
886 1623 936 1666 filiis
945 1624 1042 1668 Roberto

192 1697 267 1739 abbati
282 1696 371 1739 Maioris
387 1697 512 1738 monasterii
529 1696 617 1750 eiusque
632 1695 736 1738 fratribus
753 1695 845 1738 salutem
864 1699 886 1738 et
901 1696 1043 1751 apostolicam

159 1811 161 1815 ,
191 1767 369 1810 benedictionem.
401 1766 587 1821 Quemadmodum
608 1766 739 1821 apostolicae
759 1767 815 1809 sedis
837 1767 955 1809 auctoritas
977 1768 1044 1810 habet

191 1838 247 1881 male
264 1842 313 1880 acta
329 1839 445 1893 corrigere
464 1839 497 1881 ita
515 1838 611 1880 eiusdem
630 1841 663 1880 est
678 1838 733 1880 bene
753 1841 803 1880 acta
817 1837 910 1880 firmare.
941 1838 1044 1881 Pervenit

193 1910 298 1965 siquidem
314 1910 342 1952 ad
357 1924 404 1964 nos,
420 1910 478 1964 quod
494 1909 583 1964 quidam
597 1909 695 1951 homines
713 1910 739 1951 de
748 1908 819 1952 Fonte
833 1908 929 1951 Gehardi
943 1910 967 1951 in
977 1908 1043 1953 Oeno-

192 1982 304 2024 mannensi
317 1981 444 2036 episcopatu
455 1980 586 2035 habitantes,
602 1981 689 2023 nomine
698 1980 830 2035 Heremitae,
847 1980 885 2023 sed
900 1981 960 2023 nulla
976 1982 1043 2023 eccle·

193 2053 281 2095 siastica
296 2060 327 2095 ete.
342 2059 365 2094 nt
379 2056 403 2094 in
418 2056 498 2106 qiistolc
513 2055 598 2105 fflcperiii
613 2055 648 2094 ΠΙ
659 2055 676 2094 d.
692 2055 760 2094 Roneis
775 2055 792 2094 d.
808 2056 833 2094 16
848 2056 895 2105 Ape.
911 2056 968 2104 1148,
984 2068 1045 2106 seque
1066 2097 1068 2102 ,

192 2141 212 2168 n.
223 2128 271 2166 203.
295 2124 377 2166 Datum
392 2114 487 2166 Turonis
500 2122 533 2165 VI
547 2123 599 2165 Iulus
616 2122 723 2188 Octobris.

193 2328 251 2371 239.
267 2329 375 2368 illenender
390 2328 425 2367 ΙΠ
437 2328 597 2378 conpositionem
615 2328 666 2366 inter·
681 2328 792 2378 episcopani
807 2328 941 2368 Pentelensem
956 2332 973 2367 et
988 2329 1045 2367 abbei-

268 2405 306 2439 tern
318 2400 463 2438 Colunebensein
476 2412 488 2437 a
499 2399 573 2437 ultione
585 2399 745 2449 archipresbytero
757 2399 899 2442 Mediolanensi
910 2405 927 2440 et
943 2399 1045 2439 Osrnnndo

268 2471 360 2509 cerionioo
376 2470 487 2509 Pennana
501 2471 575 2521 seciani
590 2470 699 2520 eonpirneet.

312 2550 359 2586 Bitu
372 2553 410 2586 nat.
423 2550 481 2586 Paris.
495 2549 541 2586 eon.
554 2550 631 2585 Moreau
644 2550 666 2586 69
679 2550 710 2585 fol.
724 2550 758 2585 233
771 2561 828 2585 manu
840 2561 854 2586 s
867 2559 927 2587 xvnr.

106 2672 162 2710 1163
253 2657 377 2700 Alexander
394 2658 506 2713 episcopus
522 2670 596 2699 servus
612 2670 722 2699 servorum
737 2655 779 2698 Dei
798 2656 876 2701 dilecto
892 2657 936 2701 filio
952 2658 1046 2713 Rogerio

91 2733 140 2781 Apu
149 2732 182 2769 20.
195 2730 270 2773 abbati
280 2728 429 2772 dertusensis
442 2728 568 2771 monasterii
581 2728 674 2770 salutem
687 2731 708 2770 et
718 2728 859 2782 apostolicam
868 2729 1045 2773 benedictionem.

194 2801 261 2844 Instis
276 2801 396 2856 petentium
412 2800 524 2843 desideriis
537 2799 623 2842 facilem
635 2813 674 2841 nos
688 2800 787 2841 convenit
798 2800 906 2856 impertiri
918 2816 1047 2845 consensum

195 2877 216 2915 et
231 2877 288 2927 vota,
305 2886 361 2926 quae
377 2886 390 2913 a
405 2872 497 2914 rationis·
510 2873 599 2914 tramite
614 2884 658 2913 non
674 2870 804 2925 discordant,
821 2871 899 2915 effectu
911 2876 961 2915 sunt
973 2887 1047 2928 prose-

195 2948 273 2998 quente
290 2942 423 2999 complenda.
454 2944 586 2999 Eapropter‚
609 2941 687 2984 dilecte
705 2941 728 2983 in
745 2941 839 2987 Domino
860 2943 901 2998 fili,
923 2945 967 2987 tuis
982 2944 1046 2987 iustis

194 3015 375 3070 postulationibus
386 3019 447 3070 grato
457 3018 610 3058 concurrentes
622 3027 712 3056 assensu
725 3016 908 3070 compositionem,
922 3030 977 3070 quae
990 3016 1047 3058 inter
