2134 3376
283 158 399 194 Psscnnms
411 167 427 193 n
439 168 552 196 nrrsronnn
564 161 603 196 151.
619 160 652 195 152
868 150 894 203 lb

41 272 143 316 adversus
161 266 264 309 abbatem
280 269 404 321 causantur,
421 267 473 321 quid
488 267 573 309 iustitia
595 266 691 310 dictante
711 283 805 324 aequum
823 268 895 323 fuerit,
909 266 1014 307 1102-15

40 345 63 386 in
83 339 207 397 praesentia
225 341 297 381 restra
319 339 432 394 recipiant.
464 339 547 381 Datum
565 338 669 381 Laterani
684 339 722 382 IV.
742 340 797 383 Nou.
814 339 895 382 Martii.
919 327 1006 366 Maml.

41 524 90 568 151.
116 521 218 561 Posrbults
233 521 387 560 Halioussa-12¹0
408 521 547 560 l'c'rcdociucrcsi
564 522 747 562 assuritanorum
764 523 784 563 S.
802 523 896 573 Seprllcrt,

114 607 127 633 o
142 592 241 632 Laudrr'eo
256 593 279 632 de
293 573 423 644 Bulpcalc'ueo,
440 593 545 644 (tractatore
560 594 609 643 aaa,
625 593 723 633 deicolam.

212 672 261 709 Bibl.
274 677 313 709 nat.
326 673 383 709 Paris.
396 684 431 709 ms.
444 672 476 709 lat.
490 673 548 709 imre
561 685 575 709 s.
588 682 636 710 XVII
648 673 679 710 fol.
693 675 721 710 33.

99 768 213 828 Paschalis
238 769 351 824 episcopus
376 783 450 811 servus
476 782 587 812 serrorum
606 769 648 812 Dei
669 770 788 813 venerabili
809 778 1015 824 congre-1102-15
1059 758 1061 760 ’

42 841 122 898 gationi
135 840 301 884 Vindocinensis
317 840 445 884 monasterii
461 839 553 882 salutern
570 844 591 882 et
607 841 749 896 apostolicam
765 842 897 885 benedictio·
909 838 1010 878 Mesala.

42 928 96 957 neus,
116 911 223 955 Veniente
236 913 310 955 adme
324 912 435 955 carissimo
448 899 577 955 filionostro
586 911 712 969 fflaufredo]
725 917 796 957 restro
810 913 897 967 abbate,
952 951 956 961 ,

42 985 161 1038 didicimus,
175 984 233 1038 quod
245 983 379 1027 honorabilis
395 985 427 1026 uir
440 983 569 1037 Landricus,
586 983 624 1037 qui
640 987 661 1026 et
673 983 804 1027 Lancelinus
821 1000 834 1027 a
846 985 897 1027 Bal-

42 1056 139 1111 gentiaco
152 1055 223 1098 dictus
237 1059 276 1110 est,
289 1056 312 1097 in
325 1056 372 1110 ipso
382 1059 453 1099 castro
464 1055 493 1098 ad
501 1055 606 1098 honorem
612 1054 654 1097 Dei
668 1058 689 1098 et
702 1056 815 1099 salvatoris
828 1057 898 1099 nostri

41 1128 91 1171 lesu
107 1126 188 1169 Christi
207 1131 229 1170 et
247 1128 293 1170 eius
312 1128 443 1170 sanctissimi
465 1127 573 1182 sepulchri
596 1126 710 1169 ecclesiam
733 1126 855 1170 aedificarit
877 1130 899 1169 et

42 1199 119 1242 beatae
140 1198 244 1242 Trinitati
266 1199 355 1253 eiusque
376 1199 508 1242 monasterio
531 1197 687 1241 Vindocinensi
709 1214 758 1241 cum
780 1199 898 1254 aliquantis
935 1246 936 1249 Ἴ

42 1270 106 1313 rebus
123 1270 166 1312 suis
180 1270 274 1325 donauit,
292 1285 358 1325 quam
370 1271 458 1325 qindem
471 1271 585 1313 ecclesiam
594 1269 702 1312 Radrdfus
715 1269 773 1313 filius
785 1270 899 1313 Lanceliui

43 1357 56 1384 a
70 1341 179 1397 probitate
194 1342 264 1397 patris
279 1357 323 1385 non
339 1341 471 1396 degenerans
491 1342 566 1385 dilexit
584 1345 607 1384 et
622 1343 754 1385 ornamentis
773 1356 799 1384 ac
814 1356 898 1397 posses-

43 1413 138 1455 sionibus
152 1414 307 1467 augmentavit.
331 1413 414 1456 Eorum
428 1413 563 1457 devotionem
575 1413 691 1457 laudantes
700 1403 822 1469 predictam
832 1413 899 1455 eccle-

44 1485 97 1526 siam
112 1484 182 1526 sancti
194 1484 308 1540 Sepulchri
324 1488 346 1527 et
361 1486 440 1539 omnia,
457 1499 513 1540 quae
525 1488 597 1528 vestro
611 1485 714 1528 coenobio
727 1485 821 1541 praefati
837 1485 898 1528 obtu-

42 1555 119 1610 lerunt,
127 1555 259 1599 authoritate
267 1556 387 1612 apostolica
393 1556 511 1599 firmamus.
525 1556 609 1599 Datum
614 1556 720 1599 Laterani
726 1556 768 1599 ΠΙ.
776 1555 808 1598 Id.
816 1556 898 1599 lllartii.

43 1725 95 1768 152.
117 1726 220 1765 Pambotis
234 1726 259 1765 Π
274 1739 287 1765 a
304 1727 399 1777 d'olribas
417 1726 586 1766 alopas-motoris
604 1727 688 1766 cleotinus
707 1728 729 1766 de
747 1727 844 1766 laboribus
866 1739 901 1765 seru

117 1798 244 1838 elatrantibus
254 1799 305 1849 arcipi
319 1802 373 1838 cetat.
717 1836 719 1840 ,

209 1866 258 1902 Bibl.
271 1870 309 1903 nat.
322 1866 380 1902 Paris.
393 1878 428 1902 ms.
440 1866 474 1902 lat.
488 1866 545 1902 13915
558 1877 572 1901 s.
585 1875 632 1902 xvir
644 1866 675 1902 fol.
689 1866 729 1902 147.

103 1961 232 2019 P(aschalis)
251 1963 364 2018 episcopus
384 1977 458 2004 servus
477 1976 589 2004 serrorum
603 1961 646 2004 Dei
664 1961 749 2004 dilectis
767 1961 818 2004 filiis
834 1962 900 2005 Petro
915 1971 1020 2011 1106-15

45 2033 120 2076 abbati
136 2037 158 2076 et
173 2034 284 2077 monachis
301 2034 428 2077 monasterii
442 2033 524 2076 Montis
544 2033 633 2076 maioris
653 2033 746 2076 salutem
762 2036 784 2076 et
799 2033 902 2089 apostoli·
929 2032 1002 2070 Der-9·

46 2119 93 2147 cam
108 2105 287 2148 benedictionem.
319 2104 434 2148 Deoimas1
450 2119 463 2147 a
476 2105 556 2160 populo
570 2105 719 2148 sacerdotibus
732 2119 758 2147 ac
770 2105 841 2147 levitis
855 2119 902 2147 esse

45 2176 173 2232 reddendas,
191 2177 275 2219 diuinae
290 2177 344 2231 legis
358 2177 430 2219 sanxit
443 2177 581 2237 authoritas
596 2176 697 2219 Ceterum
710 2192 723 2218 a
735 2176 847 2219 monachis
858 2177 902 2218 sive

46 2247 129 2291 clericis
146 2249 288 2292 communiter
303 2249 426 2291 uirentibus
441 2249 502 2291 nulla
517 2249 574 2291 ratio
591 2249 649 2302 sinit,
667 2252 692 2290 ut
707 2248 787 2290 milites
804 2251 842 2289 aut
858 2249 902 2303 epi-

46 2322 105 2376 scopi
121 2324 159 2362 aut
174 2328 280 2376 personaa
296 2321 406 2376 quaelibet
422 2320 517 2363 decimas
534 2319 560 2362 cle
576 2320 664 2362 illorum
680 2319 793 2362 laboribus
809 2320 903 2375 propriis

46 2393 210 2435 nutrimentisve
227 2393 352 2448 suscipiant.
378 2391 502 2448 Eapropter
514 2390 624 2446 praesenti
640 2390 727 2434 decreto
746 2391 902 2445 interdicimus,

46 2464 175 2518 nemilites,
193 2464 291 2520 episcopi
304 2467 342 2506 aut
357 2464 464 2520 personae
480 2466 565 2506 ceterae
581 2477 594 2504 a
609 2462 671 2505 uobis
691 2462 717 2505 de
736 2462 849 2505 laboribus
865 2477 904 2505 seu

47 2536 177 2578 animalibus
192 2536 271 2578 uestris
286 2549 327 2577 uec
343 2536 370 2578 ab
387 2535 496 2590 aliquibus
515 2533 627 2577 monachis
648 2535 692 2576 sive
709 2534 792 2577 clericis
809 2549 902 2577 commu-

46 2607 104 2650 niter
119 2606 241 2650 viventibus
261 2607 356 2649 decimas
375 2607 402 2649 (le
417 2606 529 2650 laboribus
549 2620 587 2648 seu
602 2606 742 2648 nutrimentis
758 2606 851 2662 propriis
867 2621 903 2648 ex-

47 2681 148 2735 torquere
171 2682 209 2721 airt
231 2678 316 2733 exigere
338 2679 437 2722 debeant.
468 2678 550 2720 Beatus
570 2679 650 2734 quippe
667 2677 792 2733 Gregorius,
809 2692 857 2720 cum
877 2677 903 2720 de

48 2749 168 2792 dividendis
185 2750 318 2793 decimarmn
333 2745 440 2793 fructibus
459 2750 593 2805 loqueretur,
612 2749 761 2804 Airgustinum
777 2747 903 2792 (lantuario-

47 2835 96 2864 rum
111 2822 237 2877 episcopum
255 2823 365 2865 instruens
384 2823 415 2864 sic
431 2822 483 2864 ait2:
501 2820 614 2863 Communi
630 2825 703 2864 autem
718 2821 763 2863 vita
781 2820 903 2864 viventibus

107 2949 115 2963 ἢ
127 2953 207 2985 personae
219 2955 245 2984 op.
259 2946 354 2976 chartolam
366 2946 377 2976 t,
390 2946 400 2975 l.

108 3013 155 3049 ¹Cf.
169 3012 295 3059 fragmentum
307 3013 326 3048 in
340 3012 426 3049 Gratiani
438 3012 486 3048 decr.
499 3012 519 3048 G.
530 3011 585 3048 XVI.
598 3022 629 3059 qu.
644 3012 659 3047 l.
673 3022 687 3046 c.
701 3011 729 3047 47.
779 3010 847 3050 '²Jaffe
858 3011 904 3062 Reg.

48 3072 76 3109 ed.
89 3084 124 3110 sec.
139 3073 189 3109 1843.
