2197 3394
341 188 433 224 Euounn
444 198 469 224 m
481 197 593 225 nrrsronnn
606 188 641 224 203
877 180 918 221 lut

63 294 184 340 rationibus
200 297 222 336 et
237 294 286 337 aliis
305 295 404 350 pluribus
423 311 450 339 ex
464 299 558 351 utraque
573 294 637 350 parte
652 294 762 352 inspectis,
779 298 823 340 iam
839 297 920 340 dictam
955 296 1012 335 1148

1 367 3 370 ’
64 367 85 412 S.
102 365 221 410 Salvatoris
238 366 351 409 ecclesiam
373 382 422 410 cum
444 367 543 411 omnibus
565 365 593 408 ad
615 380 664 409 eam
681 369 840 424 pertinentibus
858 355 1024 412 vobisArr·12·

11 451 12 455 ’
65 443 86 482 et
106 440 178 492 vestro
200 438 332 481 monasterio
357 439 511 482 adiudicarunt
535 441 557 480 et
581 438 699 493 praedictis
723 442 832 485 canonicis
855 454 920 496 super

65 509 139 553 eadem
155 522 222 551 causa
237 513 366 565 perpetuum
382 511 492 553 silentium
510 509 642 552 indixerunt.
680 510 724 555 Nos
740 516 824 567 autem,
841 512 920 568 quibus

65 597 78 625 a
92 580 139 623 Deo
156 583 189 622 est
204 594 306 623 concessa
321 585 426 637 potestas,
442 582 500 624 male
513 584 562 624 acta
578 582 685 636 corrigere
704 587 726 626 et
743 583 799 626 bene
819 587 869 626 acta
884 583 920 626 fir·

1 654 8 684 s
64 666 130 706 mare,
146 651 250 694 iudicium
266 653 338 708 ipsiim
354 653 429 696 datum
445 667 458 695 a
473 653 591 708 praedictis
607 652 658 695 filiis
673 655 753 697 nostris
773 655 921 698 cardinalibus

65 723 217 768 confirmamus
236 727 258 766 et
275 724 298 766 in
316 728 446 780 perpetuum
468 724 551 779 absque
572 723 718 779 refragatione
738 730 811 769 ratum
832 740 921 769 manere
971 762 973 765 .

65 796 204 839 decrevimus.
236 794 259 838 Si
278 796 326 850 quis
349 799 422 838 autem
440 796 504 838 huius
522 799 610 839 nostrae
629 795 799 841 confirmationis
818 798 922 854 paginam

66 868 135 911 sciens
152 870 202 909 etc.²²

125 942 157 992 (Iu
172 942 211 980 cod.
227 942 317 981 additura
332 944 373 994 est.)
401 942 432 981 De
447 942 483 981 buo
497 955 518 981 re
533 942 600 981 scribit
615 942 675 981 etium
687 943 773 994 episcopo
786 944 923 994 ddupuiorieusi

66 1018 82 1053 et
96 1013 185 1062 inuadat,
206 1017 230 1052 ut
249 1014 373 1052 Auiuueuscs
394 1014 588 1067 iupossessionem¹
602 1014 723 1054 iuriitcuutu'
744 1020 761 1054 et
780 1020 921 1055 erudientur.

65 1082 147 1125 Datum
162 1081 237 1124 Remis
253 1081 277 1123 H
292 1080 345 1124 idus
361 1081 450 1136 Aprilis.

67 1288 127 1332 203.
139 1288 242 1339 migratus
257 1288 292 1327 ΠΙ
303 1289 409 1339 coufirmat
424 1289 561 1328 eradicationem
580 1289 707 1329 aaattuaua
727 1290 852 1341 querendam
870 1290 924 1341 apud

140 1360 222 1398 Fontem
241 1359 326 1399 Geliurdi
340 1360 455 1408 decutiam,
472 1360 507 1410 qui
522 1373 542 1399 sc
557 1373 632 1410 situque
647 1361 707 1411 bonu,
728 1375 811 1401 assensu
830 1361 923 1400 Willeluri

140 1431 225 1481 episcopi
244 1431 404 1480 Oearorumrcuris,
419 1431 623 1471 Maiori-mouusterio
639 1432 759 1472 tradiderint.

176 1511 225 1547 Bibl.
238 1514 276 1547 nat.
289 1511 346 1547 Paris.
360 1524 394 1548 ms.
407 1512 440 1548 lat.
454 1511 556 1548 12880f01.
570 1512 609 1548 196.
629 1511 708 1559 Scripsit
719 1513 810 1549 Martene.

69 1678 71 1680 ‚
125 1620 236 1674 Eugenius
259 1620 372 1675 episcopus
395 1633 469 1662 servus
491 1633 602 1662 servorum
617 1619 659 1662 Dei
685 1621 768 1663 dilectis
786 1620 837 1663 filiis
854 1619 924 1663 euar—
960 1626 1016 1665 1148

67 1693 127 1735 nerio
143 1691 218 1734 abbati
233 1691 322 1734 Maioris
344 1691 471 1734 monasterii
493 1691 582 1745 eiusque
600 1690 705 1735 fratribus
721 1693 814 1735 salutem
830 1695 851 1734 et
873 1706 923 1747 apo·
935 1686 1028 1736 Aps-15·

68 1764 167 1807 stolicam
189 1762 368 1805 benedictionem.
410 1761 597 1816 Quemadmodum
619 1764 750 1818 apostolicae
773 1764 829 1806 sedis
849 1767 923 1806 arieto-

67 1837 121 1878 ritas
137 1825 204 1877 habet
218 1834 288 1876 maleb
304 1840 353 1877 acta
366 1835 479 1888 corrigere,
496 1834 528 1876 ita
544 1834 641 1876 eiusdem
654 1837 687 1876 est
699 1835 754 1878 bene
767 1839 817 1877 acta
829 1835 924 1877 firmare.

67 1907 102 1949 Ex
125 1907 204 1949 litteris
223 1905 331 1960 siquidem
348 1897 479 1948 renerabilis
497 1905 571 1948 fratris
596 1906 666 1949 nostri
686 1906 807 1964 W(illelmi)
829 1907 926 1962 episcopi

69 1978 251 2023 Cenomannensis
264 1977 404 2032 inspeximus,
421 1977 479 2032 quod
493 1977 582 2031 quidam
596 1977 695 2020 homines
712 1978 770 2033 apud
779 1977 873 2022 Fontem
883 1977 925 2021 Ge·

68 2051 131 2093 hardi
146 2050 280 2104 habitantes,
299 2050 386 2092 nomine
401 2049 530 2103 heremitae,
547 2049 586 2091 sed
601 2049 661 2092 nulla
675 2050 823 2093 ecclesiastica
838 2050 872 2092 rel
887 2064 925 2105 pa-

68 2127 126 2165 trum
141 2122 277 2164 institutione
292 2121 404 2175 virebant,
427 2121 506 2175 quibus
524 2120 614 2162 tandem
630 2120 732 2164 divinitus
751 2121 863 2176 inspiratis
879 2121 925 2176 pla·

69 2195 120 2249 cuit,
142 2197 167 2245 ut
189 2194 228 2236 sub
250 2195 358 2248 potestate
380 2192 473 2235 fratrum
492 2192 583 2235 Maioris
604 2194 732 2236 monasterii
753 2193 883 2247 regulariter
905 2196 927 2235 et

69 2267 168 2310 ordinate
183 2265 276 2308 Domino
296 2265 430 2308 deservirent
451 2268 473 2306 et
492 2268 539 2306 tam
558 2278 581 2306 se
600 2278 666 2318 quam
684 2280 724 2307 sna
743 2279 818 2308 eorum
836 2264 927 2308 arbitrio

70 2342 91 2380 et
107 2338 243 2393 dispositioni
264 2338 429 2380 committerent.
461 2336 544 2379 Eorum
562 2336 637 2390 itaque
656 2336 767 2391 proposito
783 2339 805 2378 et
819 2336 927 2378 voluntati

69 2410 181 2466 praefatus
191 2409 359 2452 Cenomanensis
372 2408 487 2463 episcopus
499 2408 601 2462 praebuit
614 2421 727 2449 assensum
740 2411 762 2450 et
776 2408 838 2449 iuxta
853 2410 927 2450 votum

71 2496 154 2536 eorum,
181 2481 239 2536 quod
260 2480 366 2534 fecerant,
393 2480 523 2534 scriptorum
548 2493 636 2522 suorum
657 2479 763 2522 memoria
785 2478 926 2522 confirmavit.
945 2536 946 2539 Ἴ
987 2466 988 2469 ¹

69 2553 163 2597 Nomina
181 2567 231 2596 vero
248 2566 332 2607 eorum,
356 2565 411 2607 quae
427 2549 526 2605 praefato
542 2551 675 2593 monasterio
695 2550 842 2604 contulerunt,
864 2563 926 2604 prae-

71 2626 127 2668 senti
144 2626 225 2681 pagina
247 2624 347 2666 duximus
370 2622 503 2666 annotanda:
526 2621 585 2665 Fons
605 2621 711 2677 Gebardi,
734 2622 796 2665 Mons
813 2620 926 2675 (luidonis,

67 2696 147 2751 Lince,
163 2697 290 2750 Hemeuart,
307 2694 426 2751 Sapientia,
443 2697 519 2736 sancta
535 2693 631 2735 Trinitas
648 2693 674 2735 de
689 2694 764 2747 Palea,
781 2692 802 2735 S.
819 2692 927 2735 Martinus

71 2769 97 2811 de
113 2768 195 2822 Sezeio,
212 2767 295 2810 Boscus
311 2766 409 2821 Roberti,
425 2764 559 2819 lllexgirard,
576 2764 662 2807 Lahaia
678 2765 704 2807 de
720 2764 847 2819 ingrandia,
864 2763 927 2806 Elee-

71 2855 161 2895 mosyua
181 2840 208 2882 de
224 2838 335 2893 Pomario,
359 2853 424 2893 quam
440 2836 487 2880 Odc
506 2836 533 2878 de
548 2835 671 2878 Raderaria
692 2836 760 2890 dedit,
784 2835 826 2878 duo
841 2835 890 2878 loca
905 2836 928 2878 in

71 2910 166 2966 Audera,
183 2911 266 2953 scilicet
281 2910 303 2953 S.
320 2909 439 2965 Gregorius
455 2909 481 2951 de
497 2907 588 2961 Stagno,
605 2906 658 2950 Doit
673 2907 777 2950 Parfund.
808 2906 870 2950 Haec
888 2908 928 2963 igi-

71 2985 113 3039 tur,
130 2982 313 3038 quemadmodum
328 2997 342 3025 a
357 2981 474 3038 praedictis
494 2978 617 3023 hominibus
639 2979 700 3021 vobis
717 2992 819 3022 concessa
835 2982 886 3021 sunt
907 2982 929 3021 et

131 3106 220 3137 asiccod.
243 3106 281 3135 Vide
291 3106 338 3144 fitium
349 3106 425 3146 sequentis
436 3105 514 3144 epistolae.
562 3098 676 3133 bmulaoou
