2152 3376
159 132 202 172 220
313 129 315 132 ’
426 142 488 179 Lucu
499 152 525 178 111
536 151 649 179 nrrsronnn
662 142 702 179 364.
715 143 750 179 365

35 247 146 287 1181-85.
160 248 212 291 dieti
227 249 264 291 R?
282 250 442 293 institutionem
463 250 582 306 impediens
604 251 627 292 in
648 264 722 293 vocem
743 250 895 306 appellationis
917 252 1017 307 prorupit

159 335 199 363 nec
221 321 315 363 cessavit
336 335 384 363 eam
405 337 445 377 per
467 337 490 365 se
511 336 551 364 nec
572 336 611 378 per
631 322 726 377 aliquem
744 322 846 377 prosequi
861 323 1015 377 responsalem.

161 391 268 446 Quoniam
289 393 356 447 igitur
377 408 412 448 ea,
436 408 492 448 quae
510 398 561 436 sunt
583 397 659 436 eontra
675 393 778 436 ecelesiae
798 393 941 449 disciplinam,
960 395 1016 436 ratio
1066 402 1067 405 ’

159 464 256 519 postulat
272 464 389 519 emendari,
406 464 531 509 discretioni
545 468 631 508 vestrae
643 479 683 520 per
695 465 815 520 apostolica
831 466 912 520 scripta
927 465 1016 507 manda-

159 550 217 590 mus,
241 539 355 590 qnatenus,
372 537 390 579 si
406 537 464 592 quod
480 537 585 580 asseritur
600 537 703 579 noveritis
719 538 812 579 veritate
828 537 916 592 subniti,
932 536 1016 592 praeia—
1063 534 1065 536 ’

159 611 206 649 tum
221 607 248 650 R.
266 622 279 650 a
294 607 407 662 praedicta
429 609 521 651 ecelesia
542 609 629 651 sublata
650 608 796 664 appellatione
818 607 903 650 faciatis
923 610 1018 652 amoveri
1066 611 1070 657 Ῐ

161 682 182 721 et
195 693 243 721 eam
255 679 366 734 praedicto
376 680 410 735 B..
427 682 446 723 si
457 681 547 723 idoneus
562 680 635 734 trent,
649 680 763 734 assignari,
775 694 819 722 non
832 679 970 723 obstantibus
982 681 1017 723 lit-

160 752 213 793 teris
229 752 309 794 nostris
325 751 433 808 pendente
449 752 595 807 appellatione
611 766 624 794 a
640 751 690 794 sede
707 751 828 806 apostolica
839 751 969 807 impetratis.
995 752 1018 795 Si
1063 801 1065 804 Α

161 826 234 864 autem
254 823 299 865 iam
324 823 394 865 dictus
416 823 443 865 R.
465 823 596 872 rationabile
620 823 800 878 impedimentum
823 837 867 865 non
892 823 1017 876 ostenderit,
1070 815 1071 818 ¹

161 907 204 947 qna
216 908 241 936 re
256 908 300 937 non
316 895 345 936 sit
360 894 529 949 appellationem
544 895 696 949 interpositam
709 897 862 948 consequutus,
880 895 967 936 eumin
983 909 1018 937 er-

160 978 239 1019 pensas
261 967 403 1020 necessarias,
423 965 569 1020 appellatione
584 969 678 1019 remota,
700 965 764 1007 alteri
782 966 841 1020 parti
860 966 1017 1017 condemnetis;

161 1036 220 1090 quod
239 1037 258 1078 si
275 1037 309 1079 his
326 1037 457 1092 exequendis
473 1051 546 1080 omnes
568 1037 674 1079 interesse
690 1037 841 1091 nequiveritis,
861 1037 903 1080 duo
921 1041 1019 1079 restrum
1069 1084 1073 1097 ¹,

161 1107 300 1151 nibilominus
316 1112 457 1163 exequantur.

162 1252 221 1296 364.
237 1254 314 1293 Lucius
326 1255 362 1294 rr]
373 1243 652 1304 001000001101000010001001,
662 1254 785 1305 priorissam
796 1254 948 1300 Coloouaauutu
961 1267 1019 1305 0000-
1070 1267 1073 1291 ῑ

235 1326 312 1374 sivisse,
325 1326 344 1364 si
355 1326 447 1365 iunctione
459 1327 557 1377 queredom
569 1338 691 1374 0000000000)
704 1325 824 1375 sanitatibus
836 1326 957 1374 [institutoria
964 1338 1019 1375 pres·
1071 1329 1073 1357 j

237 1397 325 1447 bqterzco
340 1398 433 1437 00010000
444 1401 516 1447 posset.
540 1397 624 1436 llondct
640 1398 746 1446 incestabat,
766 1398 1020 1447 000000000000011ἰο-

238 1472 270 1507 tus
285 1469 317 1508 sit.

268 1537 317 1572 Bibl.
330 1539 368 1572 nat.
381 1536 440 1572 Paris.
452 1548 486 1572 ms.
499 1537 532 1572 lat.
545 1536 609 1572 16992.
622 1536 654 1572 fol.
668 1536 717 1572 224¹).
733 1536 812 1583 Scripsit
823 1535 914 1571 Mantene.

40 1637 150 1679 1181-85.
222 1631 303 1674 Lucius
319 1646 377 1687 papa
389 1631 425 1673 ΠΙ
437 1631 557 1674 bleldensi1
573 1632 680 1687 episcopo.
709 1631 810 1674 Dilectae
825 1632 849 1673 in
861 1630 947 1674 Christo
962 1630 1021 1673 filiae

163 1707 251 1747 nostrae
273 1704 378 1759 priorissa
400 1707 422 1746 et
444 1707 560 1746 conuentus
583 1704 609 1745 de
634 1702 763 1746 Golouantia
790 1717 803 1745 a
828 1703 878 1745 sede
901 1703 1027 1758 apostoliea·

164 1776 314 1830 quaesierunt,
331 1776 350 1817 si
364 1775 447 1817 iuvenis
463 1775 561 1829 quidam,
579 1788 693 1818 conversus
710 1788 791 1827 earum,
808 1774 939 1829 genitalibus
956 1774 1021 1816 desti·
1074 1806 1075 1835 3

163 1850 224 1889 tutus
240 1847 263 1888 in
278 1847 429 1902 presbpderum
444 1847 514 1902 possit
529 1846 555 1888 de
571 1846 713 1901 permissione
727 1860 834 1888 canonum
846 1845 948 1888 ordinari.
976 1844 1021 1888 Nos

164 1919 238 1973 itaque
254 1919 277 1960 in
292 1918 333 1961 boc
349 1918 440 1960 articulo
456 1918 619 1960 distinctionem
636 1918 733 1960 solentes
756 1918 883 1960 eanonicam
904 1916 1021 1969 observari,
1075 1910 1076 1913 ¹

164 1989 297 2032 fraternitati
312 1994 363 2032 tuae
379 2003 418 2045 per
433 1989 554 2045 apostoliea
573 1990 655 2044 scripta
668 1988 810 2042 mandamus,
829 1993 935 2043 quatenus
951 1988 1022 2043 inqui-

164 2076 201 2104 ras
217 2061 342 2115 diligentius
358 2062 479 2116 veritatem,
497 2062 515 2104 si
530 2061 557 2103 ab
574 2060 674 2104 hostibus
687 2062 759 2102 sectus
772 2060 839 2103 tuerit
853 2060 887 2103 vel
905 2075 918 2103 a
933 2060 1022 2102 medicis

166 2137 205 2176 aut
219 2134 318 2176 nesciens
335 2135 405 2176 caruis
422 2134 474 2176 uitio
489 2133 593 2175 reluctari
608 2134 655 2188 ipse
671 2132 713 2175 sibi
728 2147 818 2175 manum
829 2133 935 2175 iniecerit.
960 2132 1022 2175 Prio-

165 2220 200 2248 res
217 2206 273 2248 enim
289 2205 408 2248 admittunt
423 2219 525 2259 canones,
549 2205 567 2246 si
583 2204 637 2247 alias
653 2204 744 2247 idoneus
760 2203 835 2258 fuerit⁷
855 2204 946 2246 tertium
963 2203 1023 2246 uelut

166 2277 297 2320 homicidam
313 2277 347 2319 sni
363 2280 462 2320 statuunt
477 2276 616 2333 puniendum.
811 2268 814 2272 ¹

167 2459 224 2502 365.
240 2460 317 2499 Lucia-s
329 2460 364 2498 HI
376 2461 464 2510 episcopo
480 2459 613 2509 ll'iporniecsi
624 2458 727 2508 praecipit,
744 2459 844 2508 000000οἰ101
856 2458 880 2497 Ε,
892 2458 990 2506 clericam,
1003 2462 1025 2496 ct

244 2532 267 2571 G.
283 2533 376 2571 clerica-ot
390 2532 509 2580 <intractata
527 2531 579 2582 qaod
593 2530 617 2568 ab
632 2530 676 2579 ipso
692 2530 798 2578 extorserit,
815 2529 881 2568 solent.

258 2612 307 2649 Bibl.
320 2615 359 2648 nat.
372 2611 430 2647 Paris.
442 2623 477 2647 ms.
489 2611 522 2647 lat.
536 2610 599 2647 16992,
612 2609 644 2646 fol.
657 2610 697 2646 219.
718 2609 796 2656 Scripsit
807 2609 898 2645 Martene.

44 2725 154 2764 risi-85.
227 2720 308 2763 Lucius
327 2734 385 2776 papa
403 2719 439 2762 ll]
454 2718 737 2773 Wig01=niensioptsoop0.2
767 2716 803 2759 Ex
824 2718 979 2772 conquestione
999 2717 1025 2760 G.

168 2793 242 2835 elerici
258 2793 346 2835 aurilaus
362 2792 442 2834 nostris
457 2791 561 2844 innotuit,
579 2790 642 2844 quod,
660 2790 772 2844 cumipse
789 2789 903 2832 ecclesiam
919 2789 945 2831 de
961 2788 1025 2832 Suer-

142 2879 144 2881 ’
167 2865 245 2919 tigrire
262 2865 302 2907 sub
318 2878 390 2907 annuo
406 2877 473 2906 censu
481 2863 545 2905 unius
554 2875 641 2904 marcae
652 2861 737 2915 argenti
752 2861 816 2915 longo
832 2865 929 2916 tempore
945 2861 1026 2903 tenuis-

228 2991 236 3006 ²³
248 2987 268 3019 G.
281 2988 316 3019 cod.

229 3058 236 3076 ¹
249 3056 326 3093 Simoni.
376 3055 383 3075 2
396 3054 495 3091 salonino·
