2154 3394
331 171 454 208 corrasam
465 179 491 206 nr
502 179 615 207 nmsronan
627 172 662 207 loa
881 162 923 203 253

70 281 99 322 sit
113 279 277 335 perturbatione
292 279 421 335 indempnis,
437 279 602 322 universitatem
617 282 712 322 vestram
724 293 833 335 rogamus,
851 295 923 324 mone·
943 284 999 323 1194

70 365 118 393 mus
140 352 244 395 attentius
267 356 288 394 et
308 365 348 407 per
369 350 489 406 apostolica
511 351 593 406 scripta
614 351 766 407 praecipiendo
787 352 923 406 mandamus,
936 344 1002 383 Maii).

71 426 177 477 quatenus
194 423 221 466 ab
237 424 379 466 ecclesiarum
401 423 520 465 vicinarum
541 422 626 480 inimiis
650 421 676 464 de
695 427 766 466 cetero
785 424 870 466 cantius
887 424 924 467 ab·

71 494 176 537 stinentes
196 496 315 538 sententias
334 494 363 536 ab
379 494 541 550 archiepiscopo
560 494 595 536 vel
614 493 662 535 aliis
682 495 786 549 praelatis
805 496 924 539 rationabi-

69 565 121 608 liter
135 565 192 609 latas
208 565 299 609 firmiter
314 566 445 621 observetis,
464 580 498 620 ne,
515 566 534 608 si
548 565 641 607 ulterius
657 579 683 607 ex
697 567 757 609 iusta
767 581 833 609 causa
849 570 926 610 contra

70 652 108 680 vos
124 638 178 680 moti
193 637 273 681 fuerint
294 642 316 680 et
338 636 384 680 sedi
406 638 539 693 apostolicae
558 636 729 692 quaerimoniam
747 639 827 681 iterare
848 639 924 692 coacti,

66 709 123 751 dum
138 723 214 752 manus
230 710 306 752 illicite
322 708 350 751 ad
366 709 399 751 ius
416 709 510 752 alienum
524 708 647 762 extenditis,
663 712 759 751 vestrum
772 711 866 765 speciale
882 710 924 754 lor-

71 780 129 823 sitan
144 782 257 824 amittatis.
282 781 326 824 Nos
340 784 414 823 antem
424 780 544 823 venerabili
556 779 620 821 fratri
631 784 705 823 nostro
715 781 840 824 Arelatensi
856 782 925 824 archi-

72 852 172 908 episcopo
188 852 286 895 dedimus
301 853 324 894 in
339 852 468 906 mandatisl,
484 856 509 894 nt
524 866 562 895 vos
578 855 600 893 et
612 850 673 905 alios,
691 854 728 906 qui
743 853 863 896 sententias
880 853 925 896 eius

71 928 152 966 temere
167 925 248 967 violare
263 925 459 980 praesumpserint,
479 937 518 978 per
536 937 651 965 censuram
666 923 836 967 ecclesiasticam
852 925 926 980 appel-

71 996 152 1038 latione
173 1000 257 1039 remota
279 1010 292 1038 a
313 1009 354 1037 sna
374 995 498 1038 temeritate
519 994 623 1037 desistere
643 998 665 1037 et
684 995 855 1039 satisfactionem
877 1011 925 1039 con-

72 1081 148 1122 gruam
164 1067 271 1121 exhibere,
287 1071 364 1110 nostra
379 1066 446 1109 fultus
463 1067 582 1109 autoritate
598 1066 719 1121 compellat.
745 1066 828 1109 Datum
842 1067 926 1110 Romae

72 1139 130 1193 apud
142 1138 163 1181 S.
177 1139 267 1181 Petrum
283 1139 374 1194 septimo
387 1137 440 1180 ldus
453 1138 513 1192 Maii,
529 1137 669 1193 pontificatus
685 1139 755 1180 nostri
770 1153 827 1181 anno
841 1143 925 1193 quarto.

72 1343 135 1386 409,
151 1344 269 1384 Caelestinus
284 1344 319 1383 HI
334 1344 477 1394 orolaopiscopo
497 1344 604 1383 marianna
623 1345 704 1395 circaque
723 1345 855 1396 saffi‘opoaois
869 1359 927 1385 ortion-

147 1417 188 1465 dnt,
207 1421 230 1455 at
248 1416 393 1455 apenodariam
407 1415 577 1454 allevatis-maioris
595 1415 619 1454 ab
637 1416 722 1454 iniuriis
737 1416 806 1455 Poura·
816 1418 896 1467 prioris
911 1423 928 1458 a

150 1487 178 1526 W.
193 1487 286 1527 abaciacum
301 1491 398 1526 tornantur.

232 1554 280 1590 Bibl.
292 1558 331 1590 nat.
344 1554 402 1590 Paris.
415 1566 450 1590 ms.
463 1554 496 1589 lat.
509 1554 574 1590 13915.
586 1554 618 1590 fol.
632 1555 671 1591 166.
687 1567 702 1591 s.
714 1564 767 1591 XVH.

133 1661 254 1705 Celestinus
270 1663 384 1718 episeopus
404 1675 478 1704 servus
495 1675 605 1705 servornm
621 1660 662 1703 Dei
680 1662 840 1706 venerabilibus
856 1663 928 1706 fratri-
954 1667 1010 1707 1194

73 1735 114 1777 bns
128 1768 152 1777 ..
174 1733 293 1777 Viennensi
314 1734 490 1789 aromepisoop02
512 1735 534 1774 et
555 1732 696 1787 suffraganeis
718 1734 762 1776 suis
788 1734 881 1777 salntem
907 1739 929 1778 et
940 1727 1022 1767 Mm-

74 1806 216 1861 apostolicam
237 1805 415 1848 benedictionem.
451 1803 533 1846 Dilecti
553 1803 594 1845 filii
613 1805 720 1847 nostri..
743 1805 824 1848 abbas3
844 1811 865 1849 et
883 1822 928 1850 mo-

74 1877 138 1920 nachi
153 1876 279 1920 monasterii
288 1876 369 1919 Montis
382 1875 472 1918 maioris
484 1876 614 1917 transmissa
629 1876 692 1918 nobis
708 1877 854 1920 insinuatione
869 1893 929 1921 mon-

75 1951 178 2002 strarunt,
196 1948 253 2003 quod
269 1948 357 2002 quidam
374 1960 448 1990 eornm
463 1946 588 2000 monachus,
599 1946 690 1990 Pontius
703 1948 797 2002 nomine,
813 1950 930 2004 quemdam

74 2020 201 2064 monasterii
216 2019 239 2061 in
254 2019 360 2062 comitatu
371 2017 555 2061 Foloalcheriensi
571 2017 670 2061 detinens
685 2020 816 2074 prioratum,
831 2022 930 2064 eiusdem

76 2093 160 2135 comitis
175 2091 296 2145 nequitiam
310 2091 416 2144 imitatus,
433 2089 507 2131 ascitis
524 2103 597 2131 secum
613 2089 658 2131 eius
675 2091 806 2134 satellitibus
826 2096 848 2135 et
867 2094 929 2135 mini-

76 2165 126 2206 stris
142 2166 237 2204 castrum
260 2161 286 2203 de
301 2161 380 2203 Pertus
401 2165 422 2202 et
438 2160 526 2203 clomnm
542 2159 654 2216 Gambiae,
677 2176 733 2217 qnae
754 2164 886 2207 monasterio
909 2168 931 2206 et

75 2234 179 2277 fratribus
191 2233 272 2276 ibidem
287 2232 334 2275 Deo
350 2232 494 2275 servientibus
510 2246 589 2286 magna
604 2236 668 2287 parte
684 2233 735 2274 anni
749 2235 853 2277 victualia
868 2236 930 2277 mini-

39 2309 41 2315 '
76 2306 167 2360 strabat,
183 2319 222 2360 per
236 2304 362 2347 nolentiam
381 2307 414 2345 est
432 2304 541 2358 ingressus
561 2307 583 2346 et
598 2304 666 2346 eiecto
682 2304 732 2346 inde
748 2307 830 2361 priore,
847 2307 885 2361 qni
900 2306 932 2348 ibi

76 2378 193 2420 autoritate
214 2375 301 2418 abbatis
324 2375 357 2417 sni
376 2379 398 2417 et
420 2376 510 2430 capituli
527 2374 685 2430 praesidebam,
709 2376 825 2430 quemdam
847 2392 930 2420 excom-

75 2450 215 2503 municatum,
230 2461 293 2503 quem
302 2446 399 2489 habebat
411 2447 434 2488 in
447 2450 510 2489 tanta
519 2447 636 2501 iniquitate
645 2448 780 2503 participem,
791 2448 826 2491 W.
837 2449 929 2502 nomine,

76 2524 98 2563 et
113 2524 174 2563 motu
189 2524 211 2562 et
225 2519 337 2562 voluntate
352 2518 442 2573 propria
458 2518 593 2572 subrogavit,
615 2519 653 2573 qui
672 2520 738 2561 etiam
757 2524 853 2562 castrum
867 2534 930 2575 prae-

76 2591 159 2634 dictum
173 2605 212 2647 per
228 2591 312 2646 aliquot
330 2590 376 2631 dies
395 2589 418 2631 in
436 2604 503 2631 manu
519 2603 558 2632 sua
573 2590 653 2645 tenuit,
672 2591 730 2633 bona
745 2591 787 2633 loci
803 2591 893 2646 diripuit
909 2595 931 2632 et

135 2714 143 2730 a
155 2713 264 2754 praevidebat
277 2724 299 2752 a,-
307 2713 379 2753 fortasse
390 2710 491 2752 providebat
503 2712 612 2751 corripendum
623 2717 650 2743 ost.

137 2782 143 2802 ¹
155 2781 204 2817 Vide
217 2781 315 2828 epistolam
327 2781 345 2816 d.
355 2781 371 2816 9.
380 2792 404 2815 m.
413 2779 459 2815 niati
472 2779 519 2815 1194
533 2779 596 2816 datam
609 2780 630 2816 in
642 2780 686 2816 bibl.
699 2785 737 2817 nat.
744 2781 801 2817 Paris.
808 2781 855 2817 Ooll.
862 2780 932 2817 Baluze

76 2842 99 2878 88
112 2842 143 2878 fol.
157 2841 185 2886 54,
197 2852 256 2876 manu
268 2852 282 2876 s.
296 2850 351 2876 xvir:
369 2839 474 2876 Gelestinus
487 2839 584 2886 episcopus
600 2851 663 2875 servus
676 2852 770 2876 servorum
782 2840 818 2877 Dei
829 2840 931 2876 venerabili

76 2901 130 2938 fratri
142 2900 239 2948 (Imbertol
251 2900 357 2936 Arelatensi
370 2898 507 2946 archiepiscopo
519 2899 600 2934 salutern
613 2903 632 2935 et
644 2900 765 2946 apostolicam
777 2900 931 2936 benedictionem.

76 2961 142 2997 Mirari
160 2960 242 3008 cogimur
260 2959 364 3006 plurimum
380 2963 415 2996 etc.
433 2957 537 3005 usquead:
556 2962 621 2994 nostra
633 2958 692 2994 firltus
709 2959 809 2995 autoritate
824 2959 931 3006 compellas.

77 3021 149 3057 Datum
161 3020 232 3057 Romae
250 3019 301 3067 apud
317 3019 336 3055 S.
348 3020 427 3056 Petrum
445 3018 523 3065 septimo
536 3017 582 3053 ldus
595 3018 649 3063 Maii,
667 3019 787 3065 pontificatus
805 3019 864 3055 nostri
883 3031 932 3056 anno

78 3084 149 3128 quarto.
198 3078 304 3116 ²Robertc.
355 3079 439 3116 ³Fnlco.
