2152 3376
141 146 184 188 250
403 158 526 194 Gonnnsrmr
537 166 563 192 111
574 164 687 192 nrrsronnn
698 156 734 192 405

65 264 122 303 1193
141 264 262 320 episcopus,
278 268 330 307 tunc
343 265 430 320 electus,
443 265 571 308 Leodiensis
587 263 615 307 ad
628 263 771 319 apostolicam
783 263 856 306 sedem
868 264 996 307 accessisset

59 325 100 366 Mal
109 327 127 365 3·
143 368 360 378 ............
382 339 404 378 et
418 336 515 380 Iohanne
531 334 685 390 Languesecus
703 335 860 379 mercatoribus
876 335 995 378 Duacensi-

142 406 196 449 busa
212 407 315 449 ducentas
336 407 481 463 quadraginta
502 421 587 450 marcas
605 408 657 450 boni
676 407 766 461 argenti,
785 406 891 449 tredecim
907 407 996 463 sollidis)

143 481 237 533 quatuor
258 478 353 521 denariis
377 478 481 533 legalium
505 478 657 533 sterlingorum
682 478 812 533 computatis
833 492 872 532 per
893 492 996 533 marcam,

142 553 217 593 mutuo
239 564 279 606 pro
300 550 395 606 negociis
418 551 463 593 suis
485 550 578 605 accepit,
600 565 640 606 pro
661 550 740 605 ombus
761 548 896 592 venerabiles
917 550 998 592 fratres

142 622 212 664 nostri
222 621 331 665 Iohannes
340 621 495 665 Penestrinusb
511 625 533 664 et
541 620 649 664 Iohannes
659 621 803 664 Tuscanensis
820 621 922 677 episcopi,
938 621 999 664 tituli

144 694 214 735 sancti
230 692 346 736 Clementis
362 693 486 749 cardinalis,
503 707 525 735 se
541 692 686 748 fideiussores,
704 694 760 735 siout
772 695 864 748 apparet
879 707 906 735 er
917 693 998 735 instru-

143 768 216 808 mento
232 764 326 820 publico,
342 767 473 808 statuerunt.
498 765 561 808 Unde
578 766 680 820 quoniam
695 763 789 820 praefati
800 767 932 807 mercatores
945 779 998 806 non-

144 836 196 878 dum
211 850 238 878 ex
252 836 337 890 integro
354 836 460 879 creditam
475 836 590 892 pecuniam
604 839 740 891 receperunt,
756 850 795 879 nos
810 835 923 889 indignum
938 836 997 890 peni-

143 912 178 950 tus
201 908 335 961 estimantes,
357 911 382 949 ut
403 908 461 950 idem
482 907 560 950 iratres
582 908 651 958 nostri
666 907 701 950 rel
720 910 851 950 mercatores
870 907 913 962 ipsi
931 921 958 949 er
973 921 998 950 eo

143 980 251 1021 iacturam
267 979 395 1033 sustineant,
411 979 469 1021 unde
484 979 585 1022 videntur
600 979 672 1034 potius
682 979 776 1033 gratiam
784 979 896 1032 meruisse,
914 978 998 1020 dilectis

143 1049 194 1092 tiliis
210 1050 290 1092 nostris
302 1050 397 1105 capitulo
408 1055 429 1093 et
439 1051 548 1093 canonicis
557 1050 715 1093 Leodiensibus
727 1064 767 1105 per
783 1050 902 1105 apostolica
918 1050 999 1104 scripta

143 1121 272 1164 mandamus
289 1125 311 1164 et
327 1122 367 1164 sub
387 1121 452 1165 oflicii
473 1121 616 1176 beneficiique
634 1136 691 1177 pena
709 1136 749 1164 ucc
766 1137 810 1165 non
828 1122 999 1165 excommunica-

144 1193 210 1236 tionis
225 1193 249 1235 iu
266 1207 371 1248 personas
389 1194 486 1248 ipsorum
508 1197 530 1236 et
549 1194 656 1248 generalis
675 1193 785 1236 interdicti
803 1208 842 1249 per
860 1196 930 1236 totam
944 1191 1000 1235 Leo-

145 1264 241 1306 diensem
254 1264 357 1307 diocesim
371 1264 469 1307 districte
481 1265 634 1321 praecipimus,
651 1268 676 1307 ut
691 1264 814 1320 praelatum
830 1264 927 1307 debiturn
942 1263 1000 1307 infra

144 1336 221 1390 uiginti
237 1335 283 1378 dies
302 1340 352 1391 post
370 1337 530 1391 susceptionem
548 1336 671 1385 litterarum
689 1340 813 1379 nostrarum
833 1336 859 1379 de
878 1336 1000 1379 redditibus

146 1407 306 1463 episcopalibus
321 1408 365 1449 iam
385 1408 448 1449 dictis
466 1408 623 1450 mercatoribus
639 1408 674 1449 rel
689 1407 752 1450 alteri
768 1422 842 1450 eornm
857 1408 901 1450 iam
921 1408 1001 1450 dictam

145 1480 260 1534 pecuniam
276 1482 298 1521 et
313 1494 352 1533 pro
367 1478 479 1522 laboribus
499 1482 521 1521 et
539 1480 649 1533 expensis,
669 1493 709 1534 pro
725 1479 815 1533 singulis
832 1479 906 1521 decem
921 1479 1000 1521 marcis

145 1564 218 1604 unam,
235 1550 294 1605 aliud
309 1549 410 1592 Duacum
426 1551 472 1592 sine
488 1550 562 1604 aliqua
578 1550 681 1593 dilatione
700 1551 831 1605 persolvant.
863 1550 893 1592 Et
912 1551 930 1593 si
945 1549 1001 1593 forte

145 1621 178 1663 illi
192 1621 291 1664 redditus
307 1620 440 1664 sufficientes
455 1635 595 1675 nequaquam
614 1623 738 1676 extiterunt,
758 1622 860 1665 collectas
875 1636 914 1677 per
933 1622 1001 1665 totius

146 1694 284 1748 episcopatus
306 1693 415 1746 abbatias,
437 1694 556 1748 prioratus,
582 1693 676 1748 capellas
699 1697 721 1735 et
742 1697 826 1736 ceteras
849 1693 1001 1736 conventuales

147 1778 213 1818 quam
227 1764 425 1807 nonconrentuales
441 1765 544 1807 ecclesias
560 1763 642 1806 iaciant
659 1768 680 1807 et
696 1764 794 1807 debitum
811 1765 884 1820 ipsum
901 1765 924 1807 in
939 1778 1001 1820 prae-

147 1836 205 1878 dicto
223 1835 278 1889 loco,
296 1836 352 1878 sicut
363 1835 422 1878 idem
437 1834 564 1878 Leodiensis
580 1835 660 1892 ia(cere
675 1836 797 1879 iura-mento
812 1837 926 1893 prae)stito
941 1840 1001 1878 tene-

146 1906 219 1960 batur,
232 1908 362 1962 persolvant.
387 1907 517 1949 Mandamus
530 1908 605 1962 itaque
618 1907 679 1950 robis
695 1908 754 1950 etin
770 1907 906 1951 obedientiae
921 1907 1002 1949 uirtute

147 1979 299 2034 praecipimus,
317 1973 419 2033 quatinus
435 1978 557 2033 praedictos
574 1979 693 2034 capitulum
709 1983 731 2021 et
744 1979 857 2022 canonicos
870 1978 1002 2022 Leodienses

148 2050 176 2092 ad
191 2050 315 2093 iaciendum
331 2049 390 2104 quod
405 2050 519 2092 scribimus
534 2064 605 2105 poena
619 2051 732 2106 praedicta
748 2050 846 2093 districte
862 2050 948 2093 sublato
965 2064 1002 2105 ap-

148 2122 271 2177 pellationis
288 2121 401 2165 obstaculo
417 2135 493 2175 cogere
509 2122 597 2164 minime
617 2122 764 2177 postponatis,
786 2122 851 2164 nullis
868 2122 947 2164 litteris
965 2121 1002 2164 ob-

149 2193 264 2247 stantibus,
287 2194 305 2235 si
326 2207 382 2248 quae
403 2196 453 2235 sunt
468 2193 502 2236 rel
523 2193 604 2235 luerint
625 2208 638 2236 a
657 2193 707 2236 sede
726 2194 846 2249 apostolica
865 2194 1001 2249 impetratae.

148 2264 231 2307 Datum
245 2264 352 2307 Laterani
366 2263 423 2307 VH]
438 2264 491 2307 Idus
506 2265 565 2319 Maii,
581 2264 721 2321 pontificatus
737 2266 807 2308 nostri
823 2279 879 2309 anno
894 2266 966 2307 tertio.

149 2471 210 2514 405.
226 2471 346 2511 Ooetesa'oas
361 2470 395 2509 ΠΙ
407 2472 509 2511 sororibus
524 2472 653 2511 concionans
669 2473 759 2521 concedit,
774 2477 797 2512 ut
812 2473 886 2522 festum
899 2471 919 2511 S.
935 2472 1004 2511 Guttu-

223 2544 280 2582 ru'oue
296 2543 398 2582 [dudodecim
413 2543 527 2582 decisionibus
542 2543 637 2583 celebrent.

328 2622 444 2669 Autograph,
457 2623 481 2676 in,
489 2622 550 2659 tabul.
562 2627 601 2659 nat.
613 2623 671 2660 Paris.
683 2624 705 2660 L.
719 2624 753 2660 235
765 2636 784 2659 n.
797 2625 826 2660 11.

69 2745 126 2784 1193
211 2730 332 2773 Celestinus
353 2731 467 2786 episcopus
489 2744 562 2773 servus
585 2745 695 2775 servorum
710 2731 753 2774 Dei
773 2730 858 2774 dilectis
878 2732 901 2775 in
920 2731 1005 2775 Christo

55 2805 96 2844 Mai
104 2805 138 2843 14,
151 2803 238 2846 filiabus
253 2803 385 2845 monialibus
402 2802 428 2845 de
442 2802 553 2846 Fauarces
570 2803 663 2846 salutem
678 2807 701 2846 et
716 2803 858 2859 apostolicam
872 2803 1005 2846 benedictio-

106 2878 107 2881 ’
151 2889 206 2917 nem.
232 2874 318 2929 Preces,
336 2888 377 2929 que
392 2878 467 2917 nostro
481 2875 613 2930 apostolatui
627 2876 775 2930 porriguntur,
792 2889 841 2918 cum
853 2875 968 2934 veritatem
984 2877 1006 2917 et

150 2946 257 2989 iustitiam
273 2947 362 2989 comites
377 2949 498 2988 noscuntur
512 2946 600 3001 habere,
616 2947 710 2989 libenter
725 2947 860 2990 admittimus
877 2950 899 2990 et
913 2947 1005 3002 precipi-

211 3069 219 3085 '²
230 3070 290 3101 Lucam
301 3071 341 3101 barno
354 3070 456 3110 deprarcrtum
467 3070 549 3100 cncerrdurc
560 3080 608 3100 ausus
619 3080 651 3101 nort
662 3081 699 3102 suoi.
748 3066 757 3087 b
769 3071 792 3102 sie
804 3070 839 3102 aad.
