2178 3376
196 142 237 182 118
450 151 564 187 Anasrrsn
576 160 599 187 ru
614 159 727 187 nrrsronrs
739 150 785 186 219¹

113 260 170 299 1154
191 259 224 314 pis
241 259 334 301 salutem
350 262 371 301 et
384 258 526 314 apostolicam
538 258 717 301 benedictionem.
742 257 900 301 lIonasterium
910 255 986 299 Sancti
995 256 1047 301 Flo-

109 321 175 359 Maiss.
191 331 262 384 rentii,
279 331 341 386 cujus
358 344 436 386 corpus
451 330 474 372 in
489 331 536 385 ipso
547 330 649 373 coenobio
663 329 758 372 creditur
772 343 818 371 esse
834 328 976 382 reconditum,
993 329 1046 371 dile-

193 403 233 444 ctis
248 401 299 443 filiis
315 402 405 456 nostris,
424 402 493 457 ipsius
508 402 551 444 loci
566 400 680 456 iratribus,
697 415 736 443 nos
753 400 880 455 suppliciter
898 400 1045 455 exorantibus,

192 473 318 516 facultatem
327 473 443 516 tribuimus
453 473 567 516 dedicandi
580 476 602 515 et
613 473 681 528 ipsius
696 472 823 515 confessoris
838 486 915 527 corpus
931 472 954 514 in
970 486 1046 526 argen-

191 549 228 587 tea
244 559 316 600 capsa,
330 558 386 599 quae
398 548 476 599 parata
489 549 528 599 est,
541 544 653 587 honestius
667 543 791 587 collocandi.
814 542 921 597 Quocirca
932 558 972 598 per
984 557 1047 599 prae-

193 617 263 659 sentia
278 616 339 659 robis
353 617 435 672 scripta
447 616 542 671 rogando
555 616 690 670 mandamus,
707 615 816 671 quatinus,
831 629 880 657 cum
893 614 921 657 ab
937 616 990 670 ipsis
1003 615 1047 658 ira-

192 688 262 730 tribus
279 702 344 743 super
359 687 400 731 hoc
415 688 499 731 fueritis
514 688 621 743 requisiti,
634 688 662 730 ad
674 687 746 730 locum
758 688 830 741 ipsum
842 689 924 742 pariter
937 687 1046 730 accedatis

193 764 215 802 et
229 764 275 802 tani
291 759 395 802 ecclesiae
411 774 477 814 quam
493 760 558 802 etiam
571 760 646 802 altaris
659 760 743 801 noviter
756 760 874 801 constructi
887 757 1046 801 dedicationem

193 831 340 886 sollempniter
352 830 438 873 faciatis
455 835 520 886 atque
536 845 585 873 ossa
597 831 703 886 praedicti
716 830 845 873 confessoris
858 831 997 873 veneratione
1010 830 1047 872 de-

192 903 239 944 bita
259 904 420 956 transmittetis,
447 904 549 957 quatinus
572 903 744 957 exspectantium
767 902 793 944 de
813 903 862 957 ipsa
883 902 1047 945 consecratione

193 974 277 1017 [deuotio
299 988 338 1029 per
359 989 397 1017 ros
418 975 511 1016 maxime
533 975 604 1017 valeat
619 974 666 1022 Deo
686 974 804 1016 auxiliante
820 973 933 1028 compleri.
964 973 1047 1015 Datum

192 1044 297 1087 Laterani
312 1044 369 1088 VIII
383 1044 436 1088 Idus
451 1045 511 1088 Maii.

193 1190 247 1233 219.
269 1191 390 1230 nicostratae
404 1191 438 1230 IV
449 1192 472 1230 a.
489 1195 506 1230 ct
520 1191 543 1230 Β.
559 1191 705 1230 crrcbidiacoaos
717 1191 861 1230 erudrrceases
877 1191 979 1242 ritcprcrrrt,
996 1192 1049 1242 pared

262 1267 309 1312 post
324 1266 406 1301 istoriam
421 1262 505 1312 episcopi
520 1263 571 1301 coita
586 1267 603 1301 ct
617 1263 703 1301 redditas
719 1263 834 1312 episcopales
853 1263 877 1301 aa
888 1264 981 1312 proprios
996 1275 1048 1301 uaris

267 1334 393 1373 corrrcrterict
408 1338 425 1373 ct
440 1346 533 1384 cupiamus
541 1346 579 1383 pro
592 1347 643 1372 iecra
658 1334 746 1373 clastibus
761 1334 823 1384 fuctus
838 1335 939 1373 restituere
954 1338 1047 1373 carricent.
1076 1331 1077 1334 '

304 1413 352 1449 Bibl.
365 1417 404 1450 nat.
416 1414 474 1450 Paris.
488 1413 533 1450 0011.
547 1413 625 1450 Grenier
637 1413 671 1449 267
684 1413 716 1449 iol.
729 1414 752 1450 45
770 1426 829 1450 mann
842 1426 856 1450 s.
869 1423 930 1450 xum.

107 1530 163 1568 1154
251 1519 382 1564 Anastasius
402 1522 515 1576 episcopus
534 1535 608 1563 seruus
630 1535 740 1563 serrorum
755 1521 797 1564 Dei
814 1521 899 1564 dilectis
915 1520 966 1563 filiis
982 1521 1008 1563 R.
1026 1525 1049 1563 et

96 1590 178 1628 Maiis.
192 1592 217 1634 B.
234 1592 391 1635 archidiaconis
401 1592 554 1634 Iraudunensis
570 1592 674 1634 ecclesiae
687 1593 780 1635 salutem
793 1596 815 1635 et
828 1593 970 1647 apostolicam
982 1593 1048 1635 bene-

193 1664 314 1707 dictionem.
346 1663 381 1706 ΕΚ
396 1663 552 1706 Calcedonensi
568 1664 658 1706 concilio
674 1668 761 1706 cautum
778 1656 825 1707 esse
838 1665 1006 1718 demonstratur,
1022 1668 1048 1706 ut

193 1736 343 1790 episcoporum
361 1736 434 1789 aliquo
454 1735 571 1777 decedente
591 1735 616 1776 de
635 1735 697 1778 bonis
718 1736 870 1778 ecclesiasticis
891 1736 945 1777 nibil
960 1736 1049 1796 penitus

192 1808 340 1861 imminuatur,
353 1806 392 1849 sed
405 1807 477 1849 omnia
489 1805 562 1849 futuro
576 1807 668 1849 antistiti
680 1810 836 1849 reserventur.1
854 1806 887 1849 De
900 1802 960 1850 robis
974 1811 1048 1850 autem

192 1892 267 1932 nuper,
280 1878 338 1920 unde
347 1879 459 1931 miramur,
473 1878 601 1933 accepimus,
613 1879 676 1933 quod,
687 1879 757 1922 bonae
767 1879 884 1921 memoriae
896 1877 964 1935 ΠΨ
980 1893 1048 1933 quon-

188 1950 244 1995 dam
260 1950 360 2005 episcopo
379 1952 451 1993 restro
470 1950 527 1992 riam
542 1950 657 1992 universae
673 1950 744 1992 carnis
759 1950 864 2004 ingresso,
880 1950 939 1992 bona
955 1954 977 1992 et
991 1951 1048 1993 redi-

193 2025 228 2062 tus
245 2021 378 2076 episcopales
395 2022 533 2077 accipientes,
550 2020 590 2063 sub
607 2021 697 2063 obtentu
712 2021 819 2064 nescimus
836 2022 897 2063 cirins
913 2035 982 2064 novae
998 2036 1048 2064 con-

193 2093 321 2146 suetudinis,
344 2106 370 2134 ea
390 2093 468 2135 vestris
483 2092 559 2134 usibus
575 2093 670 2134 nitimini
686 2092 798 2147 applicare
817 2096 838 2134 et
857 2107 972 2148 expensas,
993 2107 1048 2147 quas

194 2165 292 2210 canonici
307 2165 374 2206 vestri
388 2164 493 2207 veniendo
508 2179 548 2219 pro
564 2164 669 2207 electione
685 2164 713 2206 ad
726 2164 869 2218 apostolicam
882 2165 955 2206 sedem
970 2163 1048 2207 iecisse

193 2239 318 2289 noscuntur,
332 2235 359 2277 de
374 2235 494 2278 redditibus
510 2235 553 2277 illis
570 2236 600 2277 eis
616 2236 738 2289 restituere,
755 2235 811 2277 sicut
829 2235 917 2289 dicitur,
934 2236 1047 2278 recusatis.

194 2307 257 2361 Quod
272 2306 354 2349 factum
376 2307 394 2348 si
412 2307 504 2349 veritate
527 2306 635 2361 subsistit,
658 2310 739 2361 quanto
758 2322 771 2349 a
790 2308 858 2349 sacris
877 2311 911 2349 est
929 2308 1048 2350 canonibus

194 2379 294 2433 alienum,
310 2382 372 2421 tanto
385 2379 540 2432 requirendum
552 2382 586 2421 est
598 2379 702 2420 att-entius
716 2377 737 2420 et
749 2378 869 2420 districtius
882 2378 1047 2421 emendandum.

194 2449 301 2503 Quocirca
315 2464 354 2504 per
371 2450 491 2505 apostolica
506 2450 567 2493 vobis
584 2450 665 2504 scripta
677 2449 829 2505 praecipiendo
842 2450 978 2504 mandamus,
996 2464 1055 2504 quaa

194 2525 257 2563 tenus
273 2522 380 2564 restitutis
400 2522 550 2564 concanonicis
569 2521 646 2564 nestris
663 2522 769 2576 expensis,
789 2535 843 2575 quas
863 2521 891 2563 ad
907 2521 980 2564 sedem
995 2531 1047 2576 apo-

194 2593 293 2635 stolicam
308 2593 413 2636 veniendo
434 2592 541 2651 fecerunt,
564 2592 670 2647 quidquid
691 2592 802 2634 residuum
818 2591 884 2634 fiterit
898 2596 944 2635 tam
960 2593 987 2635 de
1001 2593 1053 2648 pla-¹

130 2721 132 2724 y
194 2664 242 2706 citis
264 2678 289 2706 ac
308 2663 447 2718 synodalibus
469 2678 534 2718 quam
550 2664 576 2707 de
595 2664 643 2706 aliis
659 2664 781 2706 redditibus
798 2663 826 2706 ad
841 2665 966 2719 episcopum
981 2665 1049 2719 pert'-

193 2734 302 2788 uentibus,
318 2734 391 2777 futuro
408 2736 501 2777 antistiti
516 2739 645 2790 reservetur,
663 2749 690 2777 ne
706 2736 725 2777 si
737 2735 801 2778 aliter
813 2735 869 2779 forte
881 2735 977 2778 decentis
993 2739 1048 2777 tam-

194 2820 260 2860 quam
268 2806 384 2849 violatores
395 2821 506 2850 sacrorum
516 2821 623 2850 canonum
632 2810 654 2849 et
663 2810 762 2862 raptores
774 2807 880 2850 bonorum
893 2807 1048 2863 episcopalium

194 2877 299 2931 debeatis,
308 2878 365 2931 qnod
372 2878 541 2932 auertateDeus,
549 2878 694 2921 condemnari.
707 2877 789 2920 Datum
794 2877 899 2921 Laterani
905 2878 981 2921 Idibus
987 2879 1046 2920 Maii.

253 2988 261 3004 a
274 2986 351 3018 advertat
363 2999 375 3019 c.
389 3028 391 3037 Ι

255 3056 261 3075 1
274 3055 319 3091 Can.
332 3055 393 3091 XXII
406 3068 434 3102 ap.
447 3056 509 3092 lIansi
521 3056 569 3093 Vir.
582 3057 623 3092 367.
661 3056 668 3074 ⁴²
680 3056 738 3103 Hugo
745 3057 845 3102 trra—13,
857 3057 941 3093 Barthol.
949 3058 1048 3093 irre-51.
