2205 3376
320 183 477 221 1000000000
488 191 602 220 nrrsronsn
614 184 642 219 52.
661 184 683 219 53
900 171 927 211 29
966 200 968 203 >

71 294 147 335 nostra
163 290 209 332 sine
225 292 355 333 auctoritate
370 292 512 347 presumpsit,
531 306 576 334 non
593 291 732 334 mediocriter
748 290 871 345 arguendus
888 292 935 342 est,
963 288 1005 326 873

72 376 139 419 quare
155 376 169 404 a
184 361 262 417 capite,
278 357 319 406 hoo
335 367 368 405 est
383 378 397 406 a
413 363 463 406 sede
480 363 551 406 sancti
566 362 627 405 Petri
642 362 764 417 dissentiat,
781 366 804 404 et
819 375 886 416 quare
903 360 929 403 de
948 348 1009 396 &Sep

71 434 151 478 ieiunio
168 433 239 476 sabati
260 434 295 476 vel
316 434 342 478 de
365 435 514 478 celebracione
536 437 629 490 quatuor
647 437 771 490 temporum
788 433 930 489 pertinaciter

72 509 130 561 agat,
147 519 197 547 cum
212 508 234 547 et
250 505 276 548 de
290 507 371 550 ieiunio
387 508 458 550 omnis
474 507 547 549 sabati
562 506 639 549 beatus
655 520 713 562 papa
729 506 832 549 Silvester
848 504 929 547 Grecos

73 578 190 621 convicerit
205 580 227 619 et
243 579 336 633 apostoli
354 582 416 621 sexta
434 578 490 620 feria
509 582 531 620 et
546 579 623 621 sabato
642 578 786 621 ieiunaverint
804 579 827 619 et
842 580 930 618 sanctus

72 656 142 705 papaa
154 648 294 692 innocentius
306 664 372 705 super
380 649 422 693 hoc
433 649 552 705 capitulum
561 650 584 692 in
594 650 638 692 suis
649 649 794 703 decretalibus
804 648 930 690 instituerit.

1010 347 1025 385 t.

74 867 114 909 52.
133 867 231 906 Iohannes
250 868 301 907 VIII
313 867 400 906 ecciesiae
418 868 441 907 G.
457 869 542 917 0000000,
559 868 691 918 loapaeseeate
705 869 799 919 episeopo,
815 868 932 907 0000000000

133 939 251 979 discrimine
266 940 319 979 dolet.
344 940 438 979 Attamen
450 940 514 979 clitoni
526 940 578 979 inibi
590 941 699 979 critistiteoi
711 941 806 979 constitui
820 953 862 980 000
877 940 932 979 licere

133 1011 205 1061 scribit,
218 1012 368 1062 aisiepiseopes
380 1015 415 1050 aar
427 1024 440 1050 o
451 1012 492 1051 aito
501 1012 610 1051 discesserit
619 1016 654 1051 eat
666 1016 711 1051 uate
722 1013 827 1063 synodare,
840 1025 880 1051 seso
892 1012 932 1062 epi-

133 1083 206 1134 seopeli
217 1096 299 1122 000000
313 1084 397 1122 alterius
408 1083 467 1134 rieapi
479 1096 520 1122 000
528 1096 594 1134 posse,
606 1084 722 1123 rationabili
733 1097 794 1123 caeso
806 1082 932 1135 exposuerat

268 1215 269 1221 ,
306 1163 353 1200 Ooll.
365 1163 411 1199 Brit.
424 1163 465 1200 Ioh.
478 1175 507 1210 ep.
520 1164 549 1208 28,
561 1164 574 1200 l.
586 1164 599 1199 l.
612 1164 644 1200 fol.
658 1165 698 1200 127.

135 1271 188 1328 (ΗΡ)
196 1304 254 1314 .....
279 1258 376 1314 Litteras
398 1275 449 1314 tuae
472 1271 603 1325 dilectionis,
627 1272 721 1326 quodam
736 1273 858 1327 presbitero
875 1271 932 1314 deie-

74 1347 143 1397 rente,
163 1343 297 1398 suscepimus
319 1346 346 1397 et,
369 1347 452 1397 quanta
470 1330 561 1386 ecclesia
582 1344 624 1386 tibi
639 1344 667 1386 ad
682 1345 801 1398 regendum
818 1344 933 1387 commissa

75 1414 326 1471 paciaturldiscrimina
339 1418 499 1469 cognoscentes,
512 1416 603 1457 nimium
613 1415 768 1470 perdoluimus.
789 1414 874 1471 Quippe
884 1428 933 1469 que,

76 1487 132 1529 sicut
153 1500 275 1546 asseveras,
297 1487 342 1529 iam
361 1501 374 1528 a
389 1486 458 1529 multo
473 1490 580 1542 tempore,
603 1488 714 1542 episcopo,
737 1488 775 1541 qui
795 1488 826 1530 ei⁰
846 1500 934 1542 preesse

76 1558 162 1612 dicitvm,
179 1547 280 1601 semivivo
296 1557 400 1600 membris
416 1558 516 1601 omnibus
534 1558 638 1602 destituto
657 1573 683 1601 ac
698 1573 764 1602 sensu
778 1559 871 1613 iacente,
888 1559 934 1600 sine

76 1629 195 1685 episcopali
213 1630 333 1672 ministerio
353 1630 425 1672 extitit
444 1634 466 1672 et
483 1631 529 1672 sine
548 1630 715 1674 christianitatis
735 1630 806 1674 officio
825 1631 889 1686 quasi
903 1630 934 1672 vi-

77 1701 144 1744 duata
160 1702 267 1744 consistit.
292 1700 356 1744 Unde
375 1702 427 1755 qnia
444 1716 483 1744 nos
500 1703 612 1745 consulere
629 1702 749 1757 decrevisti,
767 1702 819 1758 quid
834 1706 856 1744 te
873 1717 934 1757 opor-

75 1777 122 1816 teat
138 1772 299 1828 agere,‘1nosse
316 1773 452 1816 devotionem
466 1781 528 1816 tuam
543 1775 661 1829 volumuse,
681 1774 732 1829 qma
747 1778 850 1829 paternas
867 1773 934 1816 tradi-

76 1846 149 1888 ciones
165 1845 301 1887 inviolabiles
317 1859 445 1888 conservare
461 1846 573 1888 stridentes
587 1847 647 1888 aliud
662 1846 776 1888 consilium
788 1846 876 1888 interim
891 1860 935 1887 non

76 1918 204 1972 invenimus,
220 1917 263 1959 nisi
275 1920 300 1959 ut
312 1917 390 1959 tandin
402 1918 517 1972 sustineas,
532 1918 636 1973 quamdin
649 1921 688 1960 ant
700 1919 747 1974 ipse
763 1918 877 1973 episcopus
892 1918 934 1973 spi-

76 1990 143 2032 ritum
159 1989 246 2032 exhalet
261 1992 390 2043 extremum,
412 1992 451 2031 aut
466 1994 524 2033 certe
543 1990 645 2045 synodice
661 1989 796 2045 profiteatur,
814 2004 837 2032 se
853 1991 935 2045 episco-

76 2063 126 2117 pale
139 2076 182 2104 non
194 2075 259 2116 posse
271 2074 375 2116 peragere
388 2061 540 2117 ministerium,
550 2062 707 2105 raoionabilem
717 2075 807 2104 oausam
818 2075 934 2115 exponens.

76 2133 150 2176 Aliasf
165 2137 244 2187 autem,
261 2136 285 2174 nt
300 2147 343 2175 000
359 2133 444 2175 vivente
460 2133 561 2188 episcopo
575 2134 630 2176 alius
643 2134 666 2175 in
679 2134 725 2176 eius
737 2134 785 2175 loco
799 2133 935 2187 subrogetur,

76 2219 117 2248 nec
133 2206 237 2247 canonica
249 2205 369 2247 auctoritas
383 2205 451 2248 dictat
463 2219 503 2247 neo
516 2205 649 2248 consuetodo
661 2205 725 2247 huius
738 2204 836 2247 Romane
854 2204 935 2246 aeccle-

78 2278 123 2319 siae
137 2277 271 2319 demonstrat
286 2290 327 2319 nec
339 2278 387 2331 ipsa
400 2279 476 2319 nostra
491 2277 589 2319 meminit
600 2281 674 2319 aetas.
706 2275 813 2330 Quocirca
829 2276 848 2318 si
864 2276 936 2318 divino

77 2348 157 2391 iudicio
172 2363 240 2390 unum
256 2363 267 2390 e
283 2348 368 2390 <luobus
390 2349 494 2403 predictis
516 2349 629 2403 acciderit,
651 2352 704 2391 tunc
725 2349 767 2390 rite
785 2347 879 2390 Domino
899 2362 936 2390 an-

77 2425 158 2463 nuente
174 2421 297 2464 consecrari
319 2421 421 2468 canonice
443 2420 524 2475 poteris
544 2424 566 2462 et
584 2421 705 2476 apostolica
726 2420 856 2462 auctoritate
871 2419 935 2461 bene-

79 2493 209 2536 dictionibus
225 2491 385 2547 episoopalibus
402 2491 506 2535 decorari.

79 2711 119 2753 58.
138 2711 236 2750 Iolciacos
253 2711 303 2749 VIII
315 2711 364 2750 clero
381 2711 506 2750 Soieraitono
521 2711 609 2760 0000οϊ,
625 2711 743 2750 sententiani
755 2710 778 2748 ia
789 2710 936 2760 1000000000

135 2784 271 2834 presbyteram
286 2787 384 2822 cessatura
400 2796 446 2832 esse,
463 2783 510 2834 qaia
525 2795 583 2821 0000
599 2787 644 2822 oete
664 2782 786 2821 tardauerat
803 2781 891 2820 iudicari
906 2781 936 2820 de-

140 2856 193 2895 beret.
218 2855 322 2905 Praecipit,
340 2859 363 2894 at
377 2868 438 2904 „com
452 2854 531 2894 Solei'sni
543 2855 644 2905 episcopas
656 2855 717 2905 licerit
728 2856 865 2892 oetaeo-atem
877 2866 938 2892 00000

139 2977 242 3015 apappos.
285 2970 410 3006 ”coeaeoa
418 2972 570 3014 praetetecclcsie.
613 2975 673 3005 eeto¹
715 2969 821 3013 dageverec.
870 2972 938 3005 evolu-

79 3043 118 3065 mus
129 3040 170 3065 reete
182 3034 228 3065 addit
239 3035 304 3074 Bisbop.
353 3031 405 3067 salia
417 3047 431 3066 c.

141 3103 148 3123 1
161 3102 188 3139 Of.
202 3102 251 3139 Jaffe
264 3103 293 3139 ed.
306 3115 340 3140 sec.
355 3103 407 3140 2985.
