2197 3394
364 156 425 192 Lucri
436 165 454 192 n
465 164 577 192 urisroarn
590 156 625 192 190
897 146 925 189 97

67 264 246 308 benedictionem.
272 263 410 307 Venerabilis
423 263 491 307 frater
503 267 577 306 noster
585 262 706 318 Philippus,
721 265 835 319 episcopus
845 268 924 319 vester,
951 266 1009 304 1144

67 338 129 378 iuxta
144 350 227 378 morem
236 336 321 378 nouiter
330 337 535 389 intromissatorum,
552 335 700 390 apostolorum
708 335 784 378 limina
796 338 818 377 et
827 339 925 378 nostram
937 326 979 364 Mal
987 326 1020 364 16·

68 407 215 463 praesentiam
230 407 335 460 visitarit,
352 421 416 461 quem
428 421 468 450 nos
481 406 556 450 debita
568 405 702 460 benignitate
716 407 850 462 suscepimus
863 410 891 461 et,
901 411 926 449 ut

68 480 126 522 bona
137 479 263 522 Baiooensis
277 478 387 533 ecclesiae,
404 493 460 533 quae
472 478 517 521 iam
530 477 567 521 diu
579 478 688 532 peccatisa
701 478 837 533 exigentibus
849 478 925 521 illicite

69 551 175 593 distracta
191 553 213 593 et
228 550 324 593 alienata
340 554 397 604 sunt,
413 553 528 605 recuperet
544 553 565 592 et
580 563 659 605 pravas
676 550 852 604 consuetudines,
869 564 925 605 quae

68 623 92 664 in
106 622 222 665 Baiocensi
238 623 365 676 episcopatu
379 622 474 676 pastoris
492 621 577 663 incuria
596 624 618 663 et
635 621 768 676 negligentia
783 621 925 677 pullularunt,

70 694 181 748 exstirpet,
197 693 246 735 uiua
258 707 310 735 voce
323 693 366 735 sibi
377 692 517 734 iniunximus.
543 691 619 749 ipsum
631 693 705 747 itaque
719 707 768 735 curn
780 693 852 748 gratia
868 694 926 736 sedis

70 765 203 820 apostolicae
219 768 241 806 et
248 764 373 806 litterarum
381 766 506 806 nostrarum
515 765 667 819 prosecutione
683 765 711 807 ad
727 765 800 808 sedem
815 765 927 820 propriam

69 837 205 878 remittentes
224 835 389 878 universitatem
406 838 502 877 uestram
520 849 632 890 rogamus,
655 850 767 879 monemus
783 840 805 880 et
820 851 860 893 per
876 851 927 892 apo-

71 907 148 950 stolica
164 907 246 961 scripta
260 907 322 950 uobis
337 906 476 960 iniungimus,
494 909 601 960 [priatenus
616 907 689 961 ipsum
703 908 795 962 benigne
808 908 926 964 recipiatis,

70 977 183 1021 affectione
199 980 317 1034 praecipua
333 978 430 1032 diligatis
452 981 474 1020 et
494 977 604 1021 honoretis
627 980 689 1033 eique
708 983 821 1034 tamquam
838 980 926 1035 proprio

69 1051 154 1105 pastori
169 1054 191 1092 et
206 1050 328 1092 animarum
343 1052 465 1091 restrarmn
481 1049 581 1104 episcopo
592 1049 739 1092 obedientiam
748 1065 774 1093 ac
783 1053 928 1094 reverentiam

69 1122 180 1164 humiliter
196 1121 324 1164 exhibeatis.
355 1120 400 1163 Res
421 1135 472 1163 uero
494 1120 654 1164 ecclesiasticas
677 1125 698 1165 et
718 1122 767 1165 iura
788 1124 926 1178 episcopalia,

71 1208 127 1248 quae
142 1194 165 1235 in
181 1193 277 1236 ecclesiis
294 1196 316 1235 et
324 1192 423 1247 personis
433 1192 586 1235 ecclesiasticis
596 1194 720 1248 occupastis
734 1197 755 1236 et
768 1198 844 1238 contra
856 1195 928 1237 Deum

71 1268 93 1306 et
108 1265 230 1306 animamur
245 1267 368 1306 vestrarum
384 1263 476 1305 salutem
491 1263 566 1306 illicite
582 1264 684 1307 detinetis
706 1264 748 1307 sibi
764 1266 836 1320 quiete
853 1270 875 1308 et
889 1281 927 1321 pa-

71 1334 131 1378 cifice
148 1335 270 1390 dimittatis,
287 1339 309 1377 et
323 1338 369 1377 tam
384 1335 408 1376 in
422 1334 456 1377 his
469 1349 536 1389 quam
547 1336 571 1377 in
583 1336 631 1378 aliis
644 1336 717 1390 ipsum
729 1339 835 1391 tanquam
848 1336 929 1380 Christi

71 1407 194 1449 ministrum
213 1398 422 1461 audire,excessus
444 1420 530 1461 quoque
551 1411 635 1449 vestros
660 1411 682 1450 et
704 1409 845 1451 enormitates
866 1409 929 1452 iuxta

72 1479 261 1522 commonitionem
276 1478 344 1532 ipsius
361 1478 468 1531 corrigere
485 1478 597 1520 studeatis.
626 1477 708 1521 Verium
724 1480 827 1533 quoniam
839 1480 929 1534 quidam

71 1553 167 1591 restrium
180 1551 216 1605 jus
233 1564 296 1591 suum
313 1549 383 1590 eidem
405 1536 506 1604 episcopo
527 1549 775 1604 auferre‘contendunt,
798 1552 929 1595 auctoritate

72 1621 192 1676 apostolica
207 1620 354 1676 prohibemus,
370 1622 395 1661 ut
407 1620 479 1662 nullus
495 1620 620 1675 monachus,
639 1621 730 1663 clericus
744 1621 788 1663 siue
801 1620 870 1662 laicus
882 1620 929 1674 pla-

72 1692 116 1734 cita
132 1692 264 1747 episcopalia
279 1692 322 1734 nisi
337 1692 360 1733 in
375 1691 443 1746 ipsius
459 1692 493 1734 rel
508 1692 584 1734 vicarii
602 1692 635 1735 sui
647 1693 771 1747 praesentia
783 1695 879 1734 tractare
895 1691 929 1733 uel

72 1763 166 1807 diffinire
181 1764 216 1806 rel
231 1764 254 1805 iu
269 1762 430 1818 parochialibus
450 1763 546 1805 ecclesiis
563 1763 645 1817 absque
664 1763 732 1818 ipsius
752 1776 843 1811 assensu
858 1776 929 1804 sacer-

73 1835 134 1878 dotes
155 1849 236 1890 pouere
257 1834 292 1876 uel
314 1848 413 1876 amouere
434 1838 555 1889 presumat,
578 1835 627 1889 quib
646 1835 735 1877 statutis
750 1834 884 1888 temporibus
901 1833 929 1876 ad

73 1906 178 1962 synodum
189 1913 262 1949 suam⁰
274 1905 426 1947 universaliter
439 1907 567 1948 conueniant
580 1910 602 1948 et
613 1910 731 1961 praecepta
741 1905 860 1961 synodalia,
873 1919 929 1959 quae

73 1977 153 2033 populo
169 1978 211 2020 sibi
227 1978 341 2020 commisso
357 1975 514 2029 animumne,
531 1978 614 2018 attente
630 1977 752 2035 percipiant
765 1981 831 2031 atquc
848 1977 929 2032 episco-

22 2040 23 2043 Ἴ
73 2049 134 2105 pales
150 2049 248 2091 redditus
267 2048 387 2102 antiquitus
406 2048 509 2091 canonice
528 2048 657 2092 constitutos
674 2048 744 2091 eidem
765 2049 865 2103 episcopo
882 2063 931 2091 cum

73 2122 199 2176 integritate
214 2119 345 2175 persolvant.
376 2118 495 2162 Praeterea
511 2119 566 2162 scire
581 2133 619 2162 ros
635 2120 740 2174 uolumus,
758 2121 816 2174 quia,
833 2121 889 2162 sicut
905 2134 931 2162 er

75 2193 156 2247 scripto
171 2191 345 2246 praedecessoris
360 2191 431 2233 nostri
445 2190 514 2233 felicis
530 2192 648 2234 memoriae
663 2205 734 2246 papae
746 2190 831 2234 Urbani
846 2192 931 2234 intelle-

74 2264 163 2318 ximus,1
175 2263 278 2318 quoniam
286 2262 413 2305 Baiocensis
427 2262 518 2305 ecclesia
530 2261 637 2305 bonorum
650 2276 738 2306 suorum
750 2262 867 2318 plurimam
879 2268 932 2307 tunc

74 2335 179 2390 temporis
194 2338 280 2389 partem
292 2333 394 2388 perdidit,
411 2348 460 2376 erun
470 2333 517 2376 Odo
533 2334 601 2388 ipsius
615 2334 709 2377 crutaris
725 2335 839 2390 episcopus
856 2351 869 2378 a
884 2350 931 2390 ger-

74 2421 139 2449 mano
156 2421 194 2450 suo
208 2406 325 2449 Guillehno
337 2405 458 2459 Anglormn
473 2419 524 2459 rege
545 2408 621 2459 captus
641 2409 692 2460 est,2
714 2420 769 2461 quae
785 2410 859 2449 tamen
874 2407 931 2450 bona

74 2478 133 2520 idem
149 2478 262 2533 episcopus
285 2491 325 2519 sua
344 2476 483 2531 postmodum
504 2476 612 2519 industria
633 2479 779 2532 recuperavit,
803 2478 877 2533 scripti
898 2479 932 2521 sui

76 2551 206 2592 auctoritate
220 2548 322 2602 firmarit,
338 2551 363 2590 ut
377 2547 504 2591 Baiocensis
518 2548 622 2591 ecclesiae
637 2549 695 2592 bona
710 2550 742 2591 ita
758 2535 844 2604 semper
858 2551 931 2593 incon-

76 2636 140 2664 cussa
153 2621 247 2664 debeant
260 2620 381 2663 stabilitate
394 2620 482 2674 servari,
496 2620 552 2662 sicut
565 2620 671 2674 captionis
684 2621 742 2663 illius
755 2624 852 2676 tempore
865 2620 931 2664 fuisse

76 2695 204 2746 poscuntur3
221 2692 273 2747 quia
287 2692 355 2747 igitur
370 2692 440 2735 nostri
456 2690 521 2734 officii
536 2695 575 2745 est,
595 2692 737 2735 ecclesiarum
755 2693 823 2747 quieti
840 2696 932 2747 patema

76 2764 222 2807 sollicitudine
236 2764 357 2818 prouidere,
375 2764 472 2807 eiusdem
486 2762 660 2819 praedecessoris
675 2765 745 2807 nostri
760 2764 857 2818 vestigiis
872 2764 933 2807 inhe-

76 2838 149 2877 rentes
165 2835 257 2878 eandem
272 2836 449 2879 constitutionem
468 2834 600 2893 apostolicae
620 2835 677 2878 sedis
694 2835 823 2879 auctoritate
839 2834 933 2878 firmaui-

136 2994 178 3024 ⁸sic
190 2994 248 3033 scr-qni
255 3004 287 3034 pro
300 2993 381 3035 praelatis
393 3004 406 3025 c.
454 2989 549 3024 baneon:
562 2991 602 3023 sed?
647 2994 742 3024 “suumc
791 2988 934 3028 lannuntienso.
998 3013 999 3016 =

127 3060 145 3080 '²
157 3060 199 3096 Iam
211 3072 250 3097 non
262 3064 324 3098 exstat
336 3061 416 3108 epistola
427 3061 479 3097 haec.
528 3061 535 3080 2
547 3060 575 3096 cf.
588 3060 601 3096 J
602 3060 636 3097 affe
649 3061 697 3097 Bibl.
710 3061 736 3097 Π.
750 3061 790 3097 518.
804 3061 844 3097 570.

113 3135 235 3167 Lommurmu,
250 3133 299 3167 Epist.
309 3133 353 3161 Pont.
363 3134 406 3161 Rom.
780 3123 790 3157 7
