<?xml version="1.0" encoding="UTF-8"?>
<!DOCTYPE html PUBLIC "-//W3C//DTD XHTML 1.0 Transitional//EN"
    "http://www.w3.org/TR/xhtml1/DTD/xhtml1-transitional.dtd">
<html xmlns="http://www.w3.org/1999/xhtml" xml:lang="en" lang="en">
 <head>
  <title>
</title>
<meta http-equiv="Content-Type" content="text/html;charset=utf-8" />
  <meta name='ocr-system' content='tesseract 3.04.00' />
  <meta name='ocr-capabilities' content='ocr_page ocr_carea ocr_par ocr_line ocrx_word'/>
</head>
<body>
  <div class='ocr_page' id='page_1' title='image "MN41991ucmf_2_0130.png"; bbox 0 0 2178 3376; ppageno 0'>
   <div class='ocr_carea' id='block_1_1' title="bbox 159 122 736 170">
    <p class='ocr_par' dir='ltr' id='par_1_1' title="bbox 159 122 736 170">
     <span class='ocr_line' id='line_1_1' title="bbox 159 122 736 170; baseline 0.016 -9"><span class='ocrx_word' id='word_1_1' title='bbox 159 122 200 162; x_wconf 82' lang='lat'>106</span> <span class='ocrx_word' id='word_1_2' title='bbox 437 132 529 169; x_wconf 78' lang='lat' dir='ltr'>Encnnrr</span> <span class='ocrx_word' id='word_1_3' title='bbox 540 142 565 169; x_wconf 84' lang='lat' dir='ltr'>m</span> <span class='ocrx_word' id='word_1_4' title='bbox 577 142 690 170; x_wconf 74' lang='lat' dir='ltr'>nrisronnn</span> <span class='ocrx_word' id='word_1_5' title='bbox 702 133 736 170; x_wconf 80' lang='lat'>202</span> 
     </span>
    </p>
   </div>
   <div class='ocr_carea' id='block_1_2' title="bbox 80 239 1087 1071">
    <p class='ocr_par' dir='ltr' id='par_1_2' title="bbox 80 239 1083 798">
     <span class='ocr_line' id='line_1_2' title="bbox 80 239 1077 301; baseline 0.003 -21"><span class='ocrx_word' id='word_1_6' title='bbox 80 242 144 292; x_wconf 74' lang='lat'>1147.</span> <span class='ocrx_word' id='word_1_7' title='bbox 157 242 247 295; x_wconf 84' lang='lat' dir='ltr'>tempto,</span> <span class='ocrx_word' id='word_1_8' title='bbox 264 254 304 289; x_wconf 85' lang='lat' dir='ltr'>sna</span> <span class='ocrx_word' id='word_1_9' title='bbox 313 239 419 283; x_wconf 74' lang='lat' dir='ltr'>violencia</span> <span class='ocrx_word' id='word_1_10' title='bbox 431 241 488 296; x_wconf 86' lang='lat' dir='ltr'>cepit</span> <span class='ocrx_word' id='word_1_11' title='bbox 504 245 532 295; x_wconf 89' lang='lat' dir='ltr'>et,</span> <span class='ocrx_word' id='word_1_12' title='bbox 546 245 571 283; x_wconf 91' lang='lat' dir='ltr'>ut</span> <span class='ocrx_word' id='word_1_13' title='bbox 583 256 606 284; x_wconf 88' lang='lat' dir='ltr'>se</span> <span class='ocrx_word' id='word_1_14' title='bbox 618 242 690 296; x_wconf 89' lang='lat' dir='ltr'>ipsum</span> <span class='ocrx_word' id='word_1_15' title='bbox 702 241 802 295; x_wconf 88' lang='lat' dir='ltr'>redimat,</span> <span class='ocrx_word' id='word_1_16' title='bbox 820 242 916 296; x_wconf 87' lang='lat' dir='ltr'>corporis</span> <span class='ocrx_word' id='word_1_17' title='bbox 930 241 1015 284; x_wconf 85' lang='lat' dir='ltr'>distric-</span> <span class='ocrx_word' id='word_1_18' title='bbox 1056 247 1057 250; x_wconf 76' lang='grc'>’</span> <span class='ocrx_word' id='word_1_19' title='bbox 1076 298 1077 301; x_wconf 12' lang='lat'>¹</span> 
     </span>
     <span class='ocr_line' id='line_1_3' title="bbox 157 310 1017 368; baseline 0.002 -15"><span class='ocrx_word' id='word_1_20' title='bbox 157 311 217 354; x_wconf 88' lang='lat' dir='ltr'>tione</span> <span class='ocrx_word' id='word_1_21' title='bbox 233 311 349 367; x_wconf 70' lang='lat' dir='ltr'>compellit.</span> <span class='ocrx_word' id='word_1_22' title='bbox 375 310 432 366; x_wconf 76' lang='lat' dir='ltr'>Quia</span> <span class='ocrx_word' id='word_1_23' title='bbox 447 312 514 366; x_wconf 84' lang='lat' dir='ltr'>igitur</span> <span class='ocrx_word' id='word_1_24' title='bbox 529 315 605 355; x_wconf 89' lang='lat' dir='ltr'>nostra</span> <span class='ocrx_word' id='word_1_25' title='bbox 619 313 714 356; x_wconf 74' lang='lat' dir='ltr'>intencio</span> <span class='ocrx_word' id='word_1_26' title='bbox 731 316 770 367; x_wconf 90' lang='lat' dir='ltr'>est,</span> <span class='ocrx_word' id='word_1_27' title='bbox 791 313 932 355; x_wconf 87' lang='lat' dir='ltr'>ecclesiarum</span> <span class='ocrx_word' id='word_1_28' title='bbox 948 313 1017 368; x_wconf 90' lang='lat' dir='ltr'>quieti</span> 
     </span>
     <span class='ocr_line' id='line_1_4' title="bbox 158 382 1079 440; baseline 0.003 -15"><span class='ocrx_word' id='word_1_29' title='bbox 158 396 184 425; x_wconf 87' lang='lat' dir='ltr'>ao</span> <span class='ocrx_word' id='word_1_30' title='bbox 200 382 321 428; x_wconf 81' lang='lat' dir='ltr'>defensioni</span> <span class='ocrx_word' id='word_1_31' title='bbox 335 383 418 425; x_wconf 87' lang='lat' dir='ltr'>intuitu</span> <span class='ocrx_word' id='word_1_32' title='bbox 430 383 528 426; x_wconf 88' lang='lat' dir='ltr'>caritatis</span> <span class='ocrx_word' id='word_1_33' title='bbox 541 384 661 438; x_wconf 78' lang='lat' dir='ltr'>intendere,</span> <span class='ocrx_word' id='word_1_34' title='bbox 674 383 807 427; x_wconf 76' lang='lat' dir='ltr'>fraternitati</span> <span class='ocrx_word' id='word_1_35' title='bbox 823 387 860 427; x_wconf 87' lang='lat' dir='ltr'>tue</span> <span class='ocrx_word' id='word_1_36' title='bbox 875 398 915 440; x_wconf 86' lang='lat' dir='ltr'>per</span> <span class='ocrx_word' id='word_1_37' title='bbox 930 388 1016 440; x_wconf 89' lang='lat' dir='ltr'>aposto·</span> <span class='ocrx_word' id='word_1_38' title='bbox 1072 385 1079 427; x_wconf 72' lang='lat' dir='ltr'>J</span> 
     </span>
     <span class='ocr_line' id='line_1_5' title="bbox 157 454 1075 511; baseline 0.002 -14"><span class='ocrx_word' id='word_1_39' title='bbox 157 455 201 497; x_wconf 89' lang='lat' dir='ltr'>lica</span> <span class='ocrx_word' id='word_1_40' title='bbox 216 455 298 510; x_wconf 89' lang='lat' dir='ltr'>scripta</span> <span class='ocrx_word' id='word_1_41' title='bbox 312 454 448 510; x_wconf 82' lang='lat' dir='ltr'>mandamus,</span> <span class='ocrx_word' id='word_1_42' title='bbox 465 456 575 510; x_wconf 81' lang='lat' dir='ltr'>quatinus,</span> <span class='ocrx_word' id='word_1_43' title='bbox 592 456 610 498; x_wconf 86' lang='lat' dir='ltr'>si</span> <span class='ocrx_word' id='word_1_44' title='bbox 626 470 701 501; x_wconf 86' lang='lat' dir='ltr'>eorum</span> <span class='ocrx_word' id='word_1_45' title='bbox 717 456 852 511; x_wconf 86' lang='lat' dir='ltr'>querimonia</span> <span class='ocrx_word' id='word_1_46' title='bbox 867 457 960 499; x_wconf 81' lang='lat' dir='ltr'>veritate</span> <span class='ocrx_word' id='word_1_47' title='bbox 975 455 1016 499; x_wconf 78' lang='lat' dir='ltr'>iul-</span> <span class='ocrx_word' id='word_1_48' title='bbox 1073 470 1075 472; x_wconf 63' lang='grc'><strong>“</strong></span> 
     </span>
     <span class='ocr_line' id='line_1_6' title="bbox 159 526 1043 582; baseline 0.003 -14"><span class='ocrx_word' id='word_1_49' title='bbox 159 527 222 580; x_wconf 87' lang='lat' dir='ltr'>citur,</span> <span class='ocrx_word' id='word_1_50' title='bbox 237 526 349 582; x_wconf 82' lang='lat' dir='ltr'>praelatos</span> <span class='ocrx_word' id='word_1_51' title='bbox 361 526 442 569; x_wconf 86' lang='lat' dir='ltr'>milites</span> <span class='ocrx_word' id='word_1_52' title='bbox 457 526 534 582; x_wconf 91' lang='lat' dir='ltr'>templi</span> <span class='ocrx_word' id='word_1_53' title='bbox 547 527 574 570; x_wconf 90' lang='lat' dir='ltr'>ab</span> <span class='ocrx_word' id='word_1_54' title='bbox 587 527 626 569; x_wconf 90' lang='lat' dir='ltr'>illa</span> <span class='ocrx_word' id='word_1_55' title='bbox 638 528 779 582; x_wconf 80' lang='lat' dir='ltr'>usurpatione</span> <span class='ocrx_word' id='word_1_56' title='bbox 793 526 898 570; x_wconf 81' lang='lat' dir='ltr'>desistere</span> <span class='ocrx_word' id='word_1_57' title='bbox 914 528 1017 571; x_wconf 78' lang='lat' dir='ltr'>destricte</span> <span class='ocrx_word' id='word_1_58' title='bbox 1042 542 1043 545; x_wconf 70' lang='grc'>’</span> 
     </span>
     <span class='ocr_line' id='line_1_7' title="bbox 160 598 1078 654; baseline 0.003 -14"><span class='ocrx_word' id='word_1_59' title='bbox 160 612 297 641; x_wconf 89' lang='lat' dir='ltr'>commoneas</span> <span class='ocrx_word' id='word_1_60' title='bbox 310 601 349 641; x_wconf 90' lang='lat' dir='ltr'>aut</span> <span class='ocrx_word' id='word_1_61' title='bbox 360 598 418 641; x_wconf 88' lang='lat' dir='ltr'>inter</span> <span class='ocrx_word' id='word_1_62' title='bbox 431 611 467 641; x_wconf 88' lang='lat' dir='ltr'>ecs</span> <span class='ocrx_word' id='word_1_63' title='bbox 479 598 511 640; x_wconf 93' lang='lat' dir='ltr'>ita</span> <span class='ocrx_word' id='word_1_64' title='bbox 524 612 653 654; x_wconf 88' lang='lat' dir='ltr'>componere</span> <span class='ocrx_word' id='word_1_65' title='bbox 666 599 762 653; x_wconf 85' lang='lat' dir='ltr'>studeas,</span> <span class='ocrx_word' id='word_1_66' title='bbox 775 613 803 641; x_wconf 87' lang='lat' dir='ltr'>ne</span> <span class='ocrx_word' id='word_1_67' title='bbox 816 598 844 641; x_wconf 86' lang='lat' dir='ltr'>ad</span> <span class='ocrx_word' id='word_1_68' title='bbox 854 612 917 642; x_wconf 84' lang='lat' dir='ltr'>aures</span> <span class='ocrx_word' id='word_1_69' title='bbox 930 604 1017 643; x_wconf 88' lang='lat' dir='ltr'>nostras</span> <span class='ocrx_word' id='word_1_70' title='bbox 1077 609 1078 612; x_wconf 76' lang='grc'>’</span> 
     </span>
     <span class='ocr_line' id='line_1_8' title="bbox 160 669 1017 724; baseline 0.002 -13"><span class='ocrx_word' id='word_1_71' title='bbox 160 670 186 712; x_wconf 90' lang='lat' dir='ltr'>de</span> <span class='ocrx_word' id='word_1_72' title='bbox 203 673 274 713; x_wconf 88' lang='lat' dir='ltr'>cetero</span> <span class='ocrx_word' id='word_1_73' title='bbox 291 683 356 724; x_wconf 88' lang='lat' dir='ltr'>super</span> <span class='ocrx_word' id='word_1_74' title='bbox 371 669 412 712; x_wconf 90' lang='lat' dir='ltr'>hcc</span> <span class='ocrx_word' id='word_1_75' title='bbox 428 669 518 724; x_wconf 90' lang='lat' dir='ltr'>querela</span> <span class='ocrx_word' id='word_1_76' title='bbox 533 670 652 724; x_wconf 85' lang='lat' dir='ltr'>perveniat.</span> <span class='ocrx_word' id='word_1_77' title='bbox 684 669 708 713; x_wconf 84' lang='lat' dir='ltr'>Si</span> <span class='ocrx_word' id='word_1_78' title='bbox 725 673 799 712; x_wconf 90' lang='lat' dir='ltr'>antem</span> <span class='ocrx_word' id='word_1_79' title='bbox 814 673 917 712; x_wconf 83' lang='lat' dir='ltr'>neutrum</span> <span class='ocrx_word' id='word_1_80' title='bbox 934 671 1017 713; x_wconf 82' lang='lat' dir='ltr'>valebis</span> 
     </span>
     <span class='ocr_line' id='line_1_9' title="bbox 160 739 1083 798; baseline 0.001 -14"><span class='ocrx_word' id='word_1_81' title='bbox 160 741 253 794; x_wconf 83' lang='lat' dir='ltr'>efficere,</span> <span class='ocrx_word' id='word_1_82' title='bbox 268 741 327 796; x_wconf 82' lang='lat' dir='ltr'>ipses</span> <span class='ocrx_word' id='word_1_83' title='bbox 344 741 372 783; x_wconf 90' lang='lat' dir='ltr'>ad</span> <span class='ocrx_word' id='word_1_84' title='bbox 387 744 485 784; x_wconf 91' lang='lat' dir='ltr'>nostram</span> <span class='ocrx_word' id='word_1_85' title='bbox 500 741 634 796; x_wconf 81' lang='lat' dir='ltr'>presentiam</span> <span class='ocrx_word' id='word_1_86' title='bbox 649 756 698 785; x_wconf 87' lang='lat' dir='ltr'>cnm</span> <span class='ocrx_word' id='word_1_87' title='bbox 710 742 754 783; x_wconf 89' lang='lat' dir='ltr'>tuis</span> <span class='ocrx_word' id='word_1_88' title='bbox 770 741 856 795; x_wconf 88' lang='lat' dir='ltr'>litteris,</span> <span class='ocrx_word' id='word_1_89' title='bbox 874 743 961 796; x_wconf 84' lang='lat' dir='ltr'>cognita</span> <span class='ocrx_word' id='word_1_90' title='bbox 972 742 1017 798; x_wconf 90' lang='lat' dir='ltr'>ple·</span> <span class='ocrx_word' id='word_1_91' title='bbox 1082 739 1083 742; x_wconf 58' lang='grc'>’</span> 
     </span>
    </p>

    <p class='ocr_par' dir='ltr' id='par_1_3' title="bbox 94 800 1087 1071">
     <span class='ocr_line' id='line_1_10' title="bbox 94 800 1087 868; baseline 0.004 -13"><span class='ocrx_word' id='word_1_92' title='bbox 94 800 96 804; x_wconf 39' lang='grc'><strong>’</strong></span> <span class='ocrx_word' id='word_1_93' title='bbox 160 814 209 855; x_wconf 89' lang='lat' dir='ltr'>nius</span> <span class='ocrx_word' id='word_1_94' title='bbox 224 813 323 866; x_wconf 79' lang='lat' dir='ltr'>veritate,</span> <span class='ocrx_word' id='word_1_95' title='bbox 339 813 483 856; x_wconf 84' lang='lat' dir='ltr'>transmittas.</span> <span class='ocrx_word' id='word_1_96' title='bbox 514 812 655 856; x_wconf 86' lang='lat' dir='ltr'>Praedictum</span> <span class='ocrx_word' id='word_1_97' title='bbox 670 827 721 856; x_wconf 83' lang='lat' dir='ltr'>vero</span> <span class='ocrx_word' id='word_1_98' title='bbox 737 812 878 866; x_wconf 86' lang='lat' dir='ltr'>Willelnmm,</span> <span class='ocrx_word' id='word_1_99' title='bbox 895 814 932 868; x_wconf 91' lang='lat' dir='ltr'>qui</span> <span class='ocrx_word' id='word_1_100' title='bbox 948 813 1018 856; x_wconf 85' lang='lat' dir='ltr'>famu·</span> <span class='ocrx_word' id='word_1_101' title='bbox 1084 856 1087 859; x_wconf 80' lang='grc'><em>.</em></span> 
     </span>
     <span class='ocr_line' id='line_1_11' title="bbox 159 884 1087 940; baseline 0 -13"><span class='ocrx_word' id='word_1_102' title='bbox 159 885 205 927; x_wconf 90' lang='lat' dir='ltr'>lum</span> <span class='ocrx_word' id='word_1_103' title='bbox 226 884 250 926; x_wconf 86' lang='lat' dir='ltr'>in</span> <span class='ocrx_word' id='word_1_104' title='bbox 270 885 371 939; x_wconf 87' lang='lat' dir='ltr'>captione</span> <span class='ocrx_word' id='word_1_105' title='bbox 388 887 463 927; x_wconf 88' lang='lat' dir='ltr'>tenere</span> <span class='ocrx_word' id='word_1_106' title='bbox 484 885 605 940; x_wconf 85' lang='lat' dir='ltr'>praesumit</span> <span class='ocrx_word' id='word_1_107' title='bbox 620 888 642 927; x_wconf 94' lang='lat' dir='ltr'>et</span> <span class='ocrx_word' id='word_1_108' title='bbox 656 885 750 939; x_wconf 88' lang='lat' dir='ltr'>illorum,</span> <span class='ocrx_word' id='word_1_109' title='bbox 769 885 792 927; x_wconf 89' lang='lat' dir='ltr'>in</span> <span class='ocrx_word' id='word_1_110' title='bbox 809 899 901 939; x_wconf 87' lang='lat' dir='ltr'>quorum</span> <span class='ocrx_word' id='word_1_111' title='bbox 916 889 976 928; x_wconf 88' lang='lat' dir='ltr'>terra</span> <span class='ocrx_word' id='word_1_112' title='bbox 994 890 1019 928; x_wconf 89' lang='lat' dir='ltr'>nt</span> <span class='ocrx_word' id='word_1_113' title='bbox 1084 901 1087 902; x_wconf 47' lang='lat'><em>⁷</em></span> 
     </span>
     <span class='ocr_line' id='line_1_12' title="bbox 161 955 1087 1011; baseline 0.002 -13"><span class='ocrx_word' id='word_1_114' title='bbox 161 970 183 998; x_wconf 90' lang='lat' dir='ltr'>se</span> <span class='ocrx_word' id='word_1_115' title='bbox 199 955 293 998; x_wconf 86' lang='lat' dir='ltr'>redimat</span> <span class='ocrx_word' id='word_1_116' title='bbox 308 955 424 1009; x_wconf 85' lang='lat' dir='ltr'>detinent,b</span> <span class='ocrx_word' id='word_1_117' title='bbox 439 957 482 999; x_wconf 89' lang='lat' dir='ltr'>nisi</span> <span class='ocrx_word' id='word_1_118' title='bbox 493 960 533 998; x_wconf 91' lang='lat' dir='ltr'>tua</span> <span class='ocrx_word' id='word_1_119' title='bbox 545 956 714 1000; x_wconf 90' lang='lat' dir='ltr'>commonicione</span> <span class='ocrx_word' id='word_1_120' title='bbox 728 956 856 1011; x_wconf 88' lang='lat' dir='ltr'>dimiserint,</span> <span class='ocrx_word' id='word_1_121' title='bbox 871 956 1019 1000; x_wconf 88' lang='lat' dir='ltr'>ecclesiastica</span> <span class='ocrx_word' id='word_1_122' title='bbox 1085 985 1087 987; x_wconf 96' lang='lat'>-</span> 
     </span>
     <span class='ocr_line' id='line_1_13' title="bbox 162 1024 1025 1071; baseline 0.001 -1"><span class='ocrx_word' id='word_1_123' title='bbox 162 1042 198 1071; x_wconf 88' lang='lat' dir='ltr'>ecs</span> <span class='ocrx_word' id='word_1_124' title='bbox 214 1041 307 1069; x_wconf 90' lang='lat' dir='ltr'>censura</span> <span class='ocrx_word' id='word_1_125' title='bbox 323 1041 430 1070; x_wconf 85' lang='lat' dir='ltr'>coerceas.</span> <span class='ocrx_word' id='word_1_126' title='bbox 1023 1024 1025 1028; x_wconf 61' lang='grc'>’</span> 
     </span>
    </p>
   </div>
   <div class='ocr_carea' id='block_1_3' title="bbox 162 1196 1086 1247">
    <p class='ocr_par' dir='ltr' id='par_1_4' title="bbox 162 1196 1086 1247">
     <span class='ocr_line' id='line_1_14' title="bbox 162 1196 1086 1247; baseline 0.002 -12"><span class='ocrx_word' id='word_1_127' title='bbox 162 1196 222 1239; x_wconf 86' lang='grc'><strong>202.</strong></span> <span class='ocrx_word' id='word_1_128' title='bbox 235 1197 338 1247; x_wconf 63' lang='lat' dir='ltr'>impertias</span> <span class='ocrx_word' id='word_1_129' title='bbox 353 1197 389 1236; x_wconf 71' lang='lat' dir='ltr'>rr]</span> <span class='ocrx_word' id='word_1_130' title='bbox 405 1197 504 1237; x_wconf 77' lang='lat' dir='ltr'>irrdiciznn</span> <span class='ocrx_word' id='word_1_131' title='bbox 523 1199 575 1238; x_wconf 80' lang='lat' dir='ltr'>inter</span> <span class='ocrx_word' id='word_1_132' title='bbox 595 1198 718 1237; x_wconf 65' lang='lat' dir='ltr'>&amp;nitelinam</span> <span class='ocrx_word' id='word_1_133' title='bbox 739 1198 826 1237; x_wconf 77' lang='lat' dir='ltr'>abbatem</span> <span class='ocrx_word' id='word_1_134' title='bbox 847 1198 983 1237; x_wconf 31' lang='lat' dir='ltr'>*tarraconam</span> <span class='ocrx_word' id='word_1_135' title='bbox 1003 1202 1020 1237; x_wconf 85' lang='lat' dir='ltr'>ct</span> <span class='ocrx_word' id='word_1_136' title='bbox 1085 1241 1086 1246; x_wconf 16' lang='lat'>¹</span> 
     </span>
    </p>
   </div>
   <div class='ocr_carea' id='block_1_4' title="bbox 236 1268 1019 1321">
    <p class='ocr_par' dir='ltr' id='par_1_5' title="bbox 236 1268 1019 1321">
     <span class='ocr_line' id='line_1_15' title="bbox 236 1268 1019 1321; baseline 0.001 -14"><span class='ocrx_word' id='word_1_137' title='bbox 236 1269 307 1319; x_wconf 57' lang='lat' dir='ltr'>potres</span> <span class='ocrx_word' id='word_1_138' title='bbox 321 1268 341 1307; x_wconf 80' lang='lat' dir='ltr'>S.</span> <span class='ocrx_word' id='word_1_139' title='bbox 356 1269 458 1320; x_wconf 76' lang='lat' dir='ltr'>Sanlcbri</span> <span class='ocrx_word' id='word_1_140' title='bbox 472 1283 531 1320; x_wconf 70' lang='lat' dir='ltr'>sepner</span> <span class='ocrx_word' id='word_1_141' title='bbox 546 1270 623 1309; x_wconf 76' lang='lat' dir='ltr'>ecclesio</span> <span class='ocrx_word' id='word_1_142' title='bbox 640 1269 659 1309; x_wconf 81' lang='lat' dir='ltr'>S.</span> <span class='ocrx_word' id='word_1_143' title='bbox 675 1269 783 1309; x_wconf 80' lang='lat' dir='ltr'>Sciontoris</span> <span class='ocrx_word' id='word_1_144' title='bbox 798 1270 820 1308; x_wconf 84' lang='lat' dir='ltr'>de</span> <span class='ocrx_word' id='word_1_145' title='bbox 835 1269 891 1308; x_wconf 65' lang='lat' dir='ltr'>liuto</span> <span class='ocrx_word' id='word_1_146' title='bbox 907 1270 970 1309; x_wconf 80' lang='lat' dir='ltr'>lntrcn</span> <span class='ocrx_word' id='word_1_147' title='bbox 985 1282 1019 1321; x_wconf 85' lang='lat' dir='ltr'>op-</span> 
     </span>
    </p>
   </div>
   <div class='ocr_carea' id='block_1_5' title="bbox 233 1340 849 1444">
    <p class='ocr_par' dir='ltr' id='par_1_6' title="bbox 233 1340 849 1444">
     <span class='ocr_line' id='line_1_16' title="bbox 233 1340 849 1444; baseline 0.002 -13"><span class='ocrx_word' id='word_1_148' title='bbox 233 1340 309 1391; x_wconf 50' lang='lat' dir='ltr'>pwbai</span> <span class='ocrx_word' id='word_1_149' title='bbox 331 1396 379 1444; x_wconf 86' lang='lat' dir='ltr'>Bibl.</span> <span class='ocrx_word' id='word_1_150' title='bbox 392 1401 431 1433; x_wconf 84' lang='lat' dir='ltr'>nat.</span> <span class='ocrx_word' id='word_1_151' title='bbox 444 1397 502 1434; x_wconf 84' lang='lat' dir='ltr'>Paris.</span> <span class='ocrx_word' id='word_1_152' title='bbox 515 1409 550 1433; x_wconf 71' lang='lat' dir='ltr'>ms,</span> <span class='ocrx_word' id='word_1_153' title='bbox 562 1397 595 1433; x_wconf 89' lang='lat' dir='ltr'>lat.</span> <span class='ocrx_word' id='word_1_154' title='bbox 609 1397 667 1433; x_wconf 74' lang='lat' dir='ltr'>merc</span> <span class='ocrx_word' id='word_1_155' title='bbox 680 1409 694 1433; x_wconf 86' lang='lat' dir='ltr'>s.</span> <span class='ocrx_word' id='word_1_156' title='bbox 707 1407 754 1434; x_wconf 69' lang='lat' dir='ltr'>XVII</span> <span class='ocrx_word' id='word_1_157' title='bbox 767 1397 798 1433; x_wconf 77' lang='lat' dir='ltr'>ror.</span> <span class='ocrx_word' id='word_1_158' title='bbox 812 1396 849 1432; x_wconf 65' lang='lat'>78¹2.</span> 
     </span>
    </p>
   </div>
   <div class='ocr_carea' id='block_1_6' title="bbox 57 1503 1060 2851">
    <p class='ocr_par' dir='ltr' id='par_1_7' title="bbox 71 1503 1020 1560">
     <span class='ocr_line' id='line_1_17' title="bbox 71 1503 1020 1560; baseline -0.002 -11"><span class='ocrx_word' id='word_1_159' title='bbox 71 1511 128 1549; x_wconf 71' lang='lat'>1148</span> <span class='ocrx_word' id='word_1_160' title='bbox 222 1503 333 1558; x_wconf 82' lang='lat' dir='ltr'>Eugenius</span> <span class='ocrx_word' id='word_1_161' title='bbox 355 1505 469 1560; x_wconf 90' lang='lat' dir='ltr'>episcopus</span> <span class='ocrx_word' id='word_1_162' title='bbox 492 1519 565 1547; x_wconf 79' lang='lat' dir='ltr'>servus</span> <span class='ocrx_word' id='word_1_163' title='bbox 588 1518 698 1548; x_wconf 82' lang='lat' dir='ltr'>serrorum</span> <span class='ocrx_word' id='word_1_164' title='bbox 716 1504 758 1547; x_wconf 87' lang='lat' dir='ltr'>Dei</span> <span class='ocrx_word' id='word_1_165' title='bbox 782 1504 867 1547; x_wconf 86' lang='lat' dir='ltr'>dilectis</span> <span class='ocrx_word' id='word_1_166' title='bbox 888 1503 939 1547; x_wconf 84' lang='lat' dir='ltr'>filiis</span> <span class='ocrx_word' id='word_1_167' title='bbox 959 1504 1020 1548; x_wconf 78' lang='lat' dir='ltr'>Guil-</span> 
     </span>
    </p>

    <p class='ocr_par' dir='ltr' id='par_1_8' title="bbox 57 1569 1060 2851">
     <span class='ocr_line' id='line_1_18' title="bbox 57 1569 1020 1630; baseline -0.001 -10"><span class='ocrx_word' id='word_1_168' title='bbox 57 1569 149 1620; x_wconf 61' lang='lat' dir='ltr'><strong>APF·12·</strong></span> <span class='ocrx_word' id='word_1_169' title='bbox 162 1576 226 1619; x_wconf 83' lang='lat' dir='ltr'>lelrnc</span> <span class='ocrx_word' id='word_1_170' title='bbox 246 1575 321 1618; x_wconf 78' lang='lat' dir='ltr'>abliati</span> <span class='ocrx_word' id='word_1_171' title='bbox 340 1576 361 1619; x_wconf 81' lang='lat' dir='ltr'>S.</span> <span class='ocrx_word' id='word_1_172' title='bbox 379 1575 499 1619; x_wconf 79' lang='lat' dir='ltr'>Saluatoris</span> <span class='ocrx_word' id='word_1_173' title='bbox 516 1576 645 1619; x_wconf 85' lang='lat' dir='ltr'>Anianensis</span> <span class='ocrx_word' id='word_1_174' title='bbox 664 1577 791 1619; x_wconf 89' lang='lat' dir='ltr'>monasterii</span> <span class='ocrx_word' id='word_1_175' title='bbox 810 1576 899 1630; x_wconf 85' lang='lat' dir='ltr'>eiusque</span> <span class='ocrx_word' id='word_1_176' title='bbox 915 1575 1020 1619; x_wconf 80' lang='lat' dir='ltr'>fratribus</span> 
     </span>
     <span class='ocr_line' id='line_1_19' title="bbox 164 1646 1060 1703; baseline 0.001 -14"><span class='ocrx_word' id='word_1_177' title='bbox 164 1648 256 1690; x_wconf 87' lang='lat' dir='ltr'>salntem</span> <span class='ocrx_word' id='word_1_178' title='bbox 269 1651 291 1689; x_wconf 92' lang='lat' dir='ltr'>et</span> <span class='ocrx_word' id='word_1_179' title='bbox 303 1648 445 1702; x_wconf 87' lang='lat' dir='ltr'>apostolicam</span> <span class='ocrx_word' id='word_1_180' title='bbox 457 1647 637 1691; x_wconf 88' lang='lat' dir='ltr'>benedictionem.</span> <span class='ocrx_word' id='word_1_181' title='bbox 664 1646 771 1701; x_wconf 73' lang='lat' dir='ltr'>Quoniam</span> <span class='ocrx_word' id='word_1_182' title='bbox 784 1648 812 1690; x_wconf 89' lang='lat' dir='ltr'>ad</span> <span class='ocrx_word' id='word_1_183' title='bbox 824 1651 923 1691; x_wconf 84' lang='lat' dir='ltr'>nostrum</span> <span class='ocrx_word' id='word_1_184' title='bbox 936 1651 1021 1703; x_wconf 87' lang='lat' dir='ltr'>spectat</span> <span class='ocrx_word' id='word_1_185' title='bbox 1058 1672 1060 1674; x_wconf 33' lang='lat' dir='ltr'>v</span> 
     </span>
     <span class='ocr_line' id='line_1_20' title="bbox 163 1718 1020 1774; baseline 0 -11"><span class='ocrx_word' id='word_1_186' title='bbox 163 1718 258 1763; x_wconf 85' lang='lat' dir='ltr'>officium</span> <span class='ocrx_word' id='word_1_187' title='bbox 278 1734 317 1774; x_wconf 86' lang='lat' dir='ltr'>pro</span> <span class='ocrx_word' id='word_1_188' title='bbox 340 1720 447 1761; x_wconf 80' lang='lat' dir='ltr'>universis</span> <span class='ocrx_word' id='word_1_189' title='bbox 466 1719 562 1762; x_wconf 87' lang='lat' dir='ltr'>ecclesiis</span> <span class='ocrx_word' id='word_1_190' title='bbox 585 1719 754 1762; x_wconf 87' lang='lat' dir='ltr'>sollicitudinem</span> <span class='ocrx_word' id='word_1_191' title='bbox 775 1733 859 1774; x_wconf 79' lang='lat' dir='ltr'>gerere,</span> <span class='ocrx_word' id='word_1_192' title='bbox 880 1722 966 1774; x_wconf 83' lang='lat' dir='ltr'>oportet</span> <span class='ocrx_word' id='word_1_193' title='bbox 980 1734 1020 1763; x_wconf 90' lang='lat' dir='ltr'>nos</span> 
     </span>
     <span class='ocr_line' id='line_1_21' title="bbox 163 1789 1020 1847; baseline -0.002 -13"><span class='ocrx_word' id='word_1_194' title='bbox 163 1805 238 1834; x_wconf 88' lang='lat' dir='ltr'>earum</span> <span class='ocrx_word' id='word_1_195' title='bbox 253 1791 303 1846; x_wconf 88' lang='lat' dir='ltr'>paci</span> <span class='ocrx_word' id='word_1_196' title='bbox 319 1795 341 1833; x_wconf 89' lang='lat' dir='ltr'>et</span> <span class='ocrx_word' id='word_1_197' title='bbox 356 1791 512 1846; x_wconf 86' lang='lat' dir='ltr'>tranquillitati</span> <span class='ocrx_word' id='word_1_198' title='bbox 527 1791 597 1834; x_wconf 88' lang='lat' dir='ltr'>modis</span> <span class='ocrx_word' id='word_1_199' title='bbox 613 1791 692 1846; x_wconf 85' lang='lat' dir='ltr'>quibus</span> <span class='ocrx_word' id='word_1_200' title='bbox 705 1805 820 1847; x_wconf 86' lang='lat' dir='ltr'>possumus</span> <span class='ocrx_word' id='word_1_201' title='bbox 831 1789 951 1845; x_wconf 71' lang='lat' dir='ltr'>providere.</span> <span class='ocrx_word' id='word_1_202' title='bbox 977 1790 1020 1833; x_wconf 78' lang='lat' dir='ltr'>Ea-</span> 
     </span>
     <span class='ocr_line' id='line_1_22' title="bbox 162 1861 1020 1919; baseline -0.001 -13"><span class='ocrx_word' id='word_1_203' title='bbox 162 1868 258 1919; x_wconf 84' lang='lat' dir='ltr'>propter,</span> <span class='ocrx_word' id='word_1_204' title='bbox 275 1863 361 1906; x_wconf 75' lang='lat' dir='ltr'>dilecti⁰</span> <span class='ocrx_word' id='word_1_205' title='bbox 376 1864 399 1905; x_wconf 94' lang='lat' dir='ltr'>in</span> <span class='ocrx_word' id='word_1_206' title='bbox 409 1862 502 1906; x_wconf 90' lang='lat' dir='ltr'>Domino</span> <span class='ocrx_word' id='word_1_207' title='bbox 518 1861 564 1917; x_wconf 80' lang='lat' dir='ltr'>tilii,</span> <span class='ocrx_word' id='word_1_208' title='bbox 582 1863 748 1918; x_wconf 75' lang='lat' dir='ltr'>controversiae,</span> <span class='ocrx_word' id='word_1_209' title='bbox 762 1877 818 1918; x_wconf 89' lang='lat' dir='ltr'>qnae</span> <span class='ocrx_word' id='word_1_210' title='bbox 831 1863 888 1904; x_wconf 90' lang='lat' dir='ltr'>inter</span> <span class='ocrx_word' id='word_1_211' title='bbox 900 1877 937 1905; x_wconf 80' lang='lat' dir='ltr'>vos</span> <span class='ocrx_word' id='word_1_212' title='bbox 951 1866 973 1905; x_wconf 87' lang='lat' dir='ltr'>et</span> <span class='ocrx_word' id='word_1_213' title='bbox 986 1876 1020 1905; x_wconf 90' lang='lat' dir='ltr'>ca-</span> 
     </span>
     <span class='ocr_line' id='line_1_23' title="bbox 163 1933 1021 1990; baseline 0.001 -13"><span class='ocrx_word' id='word_1_214' title='bbox 163 1936 251 1979; x_wconf 91' lang='lat' dir='ltr'>nonicos</span> <span class='ocrx_word' id='word_1_215' title='bbox 272 1935 294 1978; x_wconf 80' lang='lat' dir='ltr'>S.</span> <span class='ocrx_word' id='word_1_216' title='bbox 311 1934 426 1990; x_wconf 82' lang='lat' dir='ltr'>Sepulchri</span> <span class='ocrx_word' id='word_1_217' title='bbox 448 1948 512 1990; x_wconf 87' lang='lat' dir='ltr'>super</span> <span class='ocrx_word' id='word_1_218' title='bbox 534 1934 626 1976; x_wconf 88' lang='lat' dir='ltr'>ecclesia</span> <span class='ocrx_word' id='word_1_219' title='bbox 648 1933 669 1977; x_wconf 79' lang='lat' dir='ltr'>S.</span> <span class='ocrx_word' id='word_1_220' title='bbox 691 1933 810 1977; x_wconf 75' lang='lat' dir='ltr'>Salvatoris</span> <span class='ocrx_word' id='word_1_221' title='bbox 829 1933 855 1976; x_wconf 90' lang='lat' dir='ltr'>de</span> <span class='ocrx_word' id='word_1_222' title='bbox 871 1933 935 1977; x_wconf 87' lang='lat' dir='ltr'>Rnbo</span> <span class='ocrx_word' id='word_1_223' title='bbox 957 1933 1021 1989; x_wconf 78' lang='lat' dir='ltr'>longo</span> 
     </span>
     <span class='ocr_line' id='line_1_24' title="bbox 163 2005 1021 2062; baseline -0.002 -13"><span class='ocrx_word' id='word_1_224' title='bbox 163 2006 205 2049; x_wconf 78' lang='lat' dir='ltr'>luit</span> <span class='ocrx_word' id='word_1_225' title='bbox 220 2011 317 2062; x_wconf 88' lang='lat' dir='ltr'>tempore</span> <span class='ocrx_word' id='word_1_226' title='bbox 333 2007 426 2061; x_wconf 79' lang='lat' dir='ltr'>agitata,</span> <span class='ocrx_word' id='word_1_227' title='bbox 447 2005 512 2048; x_wconf 84' lang='lat' dir='ltr'>finem</span> <span class='ocrx_word' id='word_1_228' title='bbox 530 2007 641 2061; x_wconf 86' lang='lat' dir='ltr'>imponere</span> <span class='ocrx_word' id='word_1_229' title='bbox 658 2006 779 2061; x_wconf 88' lang='lat' dir='ltr'>cupientes,</span> <span class='ocrx_word' id='word_1_230' title='bbox 799 2019 888 2048; x_wconf 88' lang='lat' dir='ltr'>cansam</span> <span class='ocrx_word' id='word_1_231' title='bbox 903 2005 974 2060; x_wconf 90' lang='lat' dir='ltr'>ipsam</span> <span class='ocrx_word' id='word_1_232' title='bbox 990 2005 1021 2047; x_wconf 89' lang='lat' dir='ltr'>di-</span> 
     </span>
     <span class='ocr_line' id='line_1_25' title="bbox 162 2076 1020 2132; baseline -0.003 -11"><span class='ocrx_word' id='word_1_233' title='bbox 162 2079 225 2121; x_wconf 88' lang='lat' dir='ltr'>lectis</span> <span class='ocrx_word' id='word_1_234' title='bbox 241 2078 291 2121; x_wconf 89' lang='lat' dir='ltr'>filiis</span> <span class='ocrx_word' id='word_1_235' title='bbox 307 2079 387 2121; x_wconf 90' lang='lat' dir='ltr'>nostris</span> <span class='ocrx_word' id='word_1_236' title='bbox 402 2077 459 2120; x_wconf 87' lang='lat' dir='ltr'>lulio</span> <span class='ocrx_word' id='word_1_237' title='bbox 477 2077 618 2132; x_wconf 82' lang='lat' dir='ltr'>presbytero1</span> <span class='ocrx_word' id='word_1_238' title='bbox 637 2081 659 2120; x_wconf 92' lang='lat' dir='ltr'>et</span> <span class='ocrx_word' id='word_1_239' title='bbox 676 2077 760 2121; x_wconf 82' lang='lat' dir='ltr'>lacinto</span> <span class='ocrx_word' id='word_1_240' title='bbox 780 2077 885 2120; x_wconf 56' lang='lat' dir='ltr'>diacono?</span> <span class='ocrx_word' id='word_1_241' title='bbox 905 2076 1020 2119; x_wconf 88' lang='lat' dir='ltr'>cardinali-</span> 
     </span>
     <span class='ocr_line' id='line_1_26' title="bbox 163 2137 1021 2203; baseline -0.002 -10"><span class='ocrx_word' id='word_1_242' title='bbox 163 2152 204 2194; x_wconf 89' lang='lat' dir='ltr'>bus</span> <span class='ocrx_word' id='word_1_243' title='bbox 221 2150 351 2193; x_wconf 89' lang='lat' dir='ltr'>audiendam</span> <span class='ocrx_word' id='word_1_244' title='bbox 363 2148 567 2203; x_wconf 87' lang='lat' dir='ltr'>terminandamque</span> <span class='ocrx_word' id='word_1_245' title='bbox 580 2150 744 2192; x_wconf 85' lang='lat' dir='ltr'>commissimus.</span> <span class='ocrx_word' id='word_1_246' title='bbox 771 2148 814 2203; x_wconf 73' lang='lat' dir='ltr'>Qui</span> <span class='ocrx_word' id='word_1_247' title='bbox 829 2137 925 2191; x_wconf 80' lang='lat' dir='ltr'>rationes</span> <span class='ocrx_word' id='word_1_248' title='bbox 941 2148 1021 2191; x_wconf 88' lang='lat' dir='ltr'>utrius-</span> 
     </span>
     <span class='ocr_line' id='line_1_27' title="bbox 164 2208 1022 2278; baseline -0.006 -12"><span class='ocrx_word' id='word_1_249' title='bbox 164 2237 206 2278; x_wconf 86' lang='lat' dir='ltr'>que</span> <span class='ocrx_word' id='word_1_250' title='bbox 227 2222 297 2278; x_wconf 89' lang='lat' dir='ltr'>partis</span> <span class='ocrx_word' id='word_1_251' title='bbox 318 2221 442 2276; x_wconf 80' lang='lat' dir='ltr'>diligentius</span> <span class='ocrx_word' id='word_1_252' title='bbox 465 2234 491 2262; x_wconf 75' lang='lat' dir='ltr'>er</span> <span class='ocrx_word' id='word_1_253' title='bbox 513 2220 603 2276; x_wconf 81' lang='lat' dir='ltr'>scripto,</span> <span class='ocrx_word' id='word_1_254' title='bbox 627 2220 685 2276; x_wconf 89' lang='lat' dir='ltr'>qnod</span> <span class='ocrx_word' id='word_1_255' title='bbox 706 2220 836 2263; x_wconf 70' lang='lat' dir='ltr'>venerabilis</span> <span class='ocrx_word' id='word_1_256' title='bbox 858 2219 926 2261; x_wconf 80' lang='lat' dir='ltr'>frater</span> <span class='ocrx_word' id='word_1_257' title='bbox 948 2208 1022 2263; x_wconf 88' lang='lat' dir='ltr'>noster</span> 
     </span>
     <span class='ocr_line' id='line_1_28' title="bbox 164 2290 1022 2351; baseline -0.006 -14"><span class='ocrx_word' id='word_1_258' title='bbox 164 2293 314 2351; x_wconf 61' lang='lat' dir='ltr'>maimundus)</span> <span class='ocrx_word' id='word_1_259' title='bbox 330 2292 465 2335; x_wconf 82' lang='lat' dir='ltr'>Arelatensis</span> <span class='ocrx_word' id='word_1_260' title='bbox 482 2292 656 2348; x_wconf 83' lang='lat' dir='ltr'>archiepiscopus</span> <span class='ocrx_word' id='word_1_261' title='bbox 671 2292 734 2335; x_wconf 87' lang='lat' dir='ltr'>nobis</span> <span class='ocrx_word' id='word_1_262' title='bbox 748 2292 863 2344; x_wconf 78' lang='lat' dir='ltr'>direxerat,</span> <span class='ocrx_word' id='word_1_263' title='bbox 880 2290 918 2345; x_wconf 88' lang='lat' dir='ltr'>qui</span> <span class='ocrx_word' id='word_1_264' title='bbox 931 2290 1022 2333; x_wconf 85' lang='lat' dir='ltr'>eandem</span> 
     </span>
     <span class='ocr_line' id='line_1_29' title="bbox 164 2361 1022 2419; baseline -0.002 -12"><span class='ocrx_word' id='word_1_265' title='bbox 164 2379 253 2407; x_wconf 86' lang='lat' dir='ltr'>causam</span> <span class='ocrx_word' id='word_1_266' title='bbox 263 2380 289 2407; x_wconf 80' lang='lat' dir='ltr'>ex</span> <span class='ocrx_word' id='word_1_267' title='bbox 297 2364 400 2407; x_wconf 89' lang='lat' dir='ltr'>mandato</span> <span class='ocrx_word' id='word_1_268' title='bbox 410 2367 485 2407; x_wconf 93' lang='lat' dir='ltr'>nostro</span> <span class='ocrx_word' id='word_1_269' title='bbox 497 2363 636 2418; x_wconf 85' lang='lat' dir='ltr'>discusserat,</span> <span class='ocrx_word' id='word_1_270' title='bbox 650 2367 803 2419; x_wconf 79' lang='lat' dir='ltr'>cognorerunt,</span> <span class='ocrx_word' id='word_1_271' title='bbox 820 2361 878 2417; x_wconf 88' lang='lat' dir='ltr'>quod</span> <span class='ocrx_word' id='word_1_272' title='bbox 894 2365 938 2404; x_wconf 89' lang='lat' dir='ltr'>tres</span> <span class='ocrx_word' id='word_1_273' title='bbox 955 2365 1022 2405; x_wconf 89' lang='lat' dir='ltr'>testes</span> 
     </span>
     <span class='ocr_line' id='line_1_30' title="bbox 163 2429 1022 2491; baseline -0.002 -13"><span class='ocrx_word' id='word_1_274' title='bbox 163 2437 186 2478; x_wconf 88' lang='lat' dir='ltr'>in</span> <span class='ocrx_word' id='word_1_275' title='bbox 201 2437 325 2491; x_wconf 88' lang='lat' dir='ltr'>praesentia</span> <span class='ocrx_word' id='word_1_276' title='bbox 341 2435 438 2478; x_wconf 85' lang='lat' dir='ltr'>eiusdem</span> <span class='ocrx_word' id='word_1_277' title='bbox 454 2435 612 2490; x_wconf 82' lang='lat' dir='ltr'>archiepiscopi</span> <span class='ocrx_word' id='word_1_278' title='bbox 627 2450 640 2477; x_wconf 95' lang='lat' dir='ltr'>a</span> <span class='ocrx_word' id='word_1_279' title='bbox 652 2435 713 2478; x_wconf 83' lang='lat' dir='ltr'>robis</span> <span class='ocrx_word' id='word_1_280' title='bbox 726 2434 834 2489; x_wconf 83' lang='lat' dir='ltr'>producti,</span> <span class='ocrx_word' id='word_1_281' title='bbox 851 2429 942 2476; x_wconf 84' lang='lat' dir='ltr'>adversa</span> <span class='ocrx_word' id='word_1_282' title='bbox 959 2437 1022 2489; x_wconf 89' lang='lat' dir='ltr'>parte</span> 
     </span>
     <span class='ocr_line' id='line_1_31' title="bbox 163 2505 1021 2563; baseline -0.003 -13"><span class='ocrx_word' id='word_1_283' title='bbox 163 2512 279 2563; x_wconf 84' lang='lat' dir='ltr'>praesente</span> <span class='ocrx_word' id='word_1_284' title='bbox 294 2521 334 2550; x_wconf 88' lang='lat' dir='ltr'>nec</span> <span class='ocrx_word' id='word_1_285' title='bbox 346 2510 446 2562; x_wconf 80' lang='lat' dir='ltr'>negante,</span> <span class='ocrx_word' id='word_1_286' title='bbox 468 2506 607 2550; x_wconf 88' lang='lat' dir='ltr'>iureiurando</span> <span class='ocrx_word' id='word_1_287' title='bbox 620 2509 776 2559; x_wconf 82' lang='lat' dir='ltr'>monstrarunt,</span> <span class='ocrx_word' id='word_1_288' title='bbox 793 2505 896 2548; x_wconf 78' lang='lat' dir='ltr'>abbatem</span> <span class='ocrx_word' id='word_1_289' title='bbox 912 2506 1021 2548; x_wconf 85' lang='lat' dir='ltr'>Anianen-</span> 
     </span>
     <span class='ocr_line' id='line_1_32' title="bbox 165 2577 1021 2635; baseline -0.004 -13"><span class='ocrx_word' id='word_1_290' title='bbox 165 2593 210 2622; x_wconf 89' lang='lat' dir='ltr'>sem</span> <span class='ocrx_word' id='word_1_291' title='bbox 226 2580 252 2622; x_wconf 89' lang='lat' dir='ltr'>de</span> <span class='ocrx_word' id='word_1_292' title='bbox 267 2578 380 2635; x_wconf 81' lang='lat' dir='ltr'>praefatae</span> <span class='ocrx_word' id='word_1_293' title='bbox 403 2578 507 2621; x_wconf 86' lang='lat' dir='ltr'>ecclesiae</span> <span class='ocrx_word' id='word_1_294' title='bbox 528 2578 664 2634; x_wconf 87' lang='lat' dir='ltr'>possessione</span> <span class='ocrx_word' id='word_1_295' title='bbox 686 2577 791 2621; x_wconf 75' lang='lat' dir='ltr'>violenter</span> <span class='ocrx_word' id='word_1_296' title='bbox 813 2577 928 2632; x_wconf 77' lang='lat' dir='ltr'>expulsum</span> <span class='ocrx_word' id='word_1_297' title='bbox 948 2577 1021 2619; x_wconf 82' lang='lat' dir='ltr'>fnisse.</span> 
     </span>
     <span class='ocr_line' id='line_1_33' title="bbox 165 2648 1021 2706; baseline -0.004 -13"><span class='ocrx_word' id='word_1_298' title='bbox 165 2651 209 2693; x_wconf 81' lang='lat' dir='ltr'>Alii</span> <span class='ocrx_word' id='word_1_299' title='bbox 231 2665 317 2706; x_wconf 89' lang='lat' dir='ltr'>quoqne</span> <span class='ocrx_word' id='word_1_300' title='bbox 340 2650 381 2694; x_wconf 88' lang='lat' dir='ltr'>duo</span> <span class='ocrx_word' id='word_1_301' title='bbox 403 2651 427 2692; x_wconf 87' lang='lat' dir='ltr'>in</span> <span class='ocrx_word' id='word_1_302' title='bbox 447 2651 572 2705; x_wconf 88' lang='lat' dir='ltr'>praesentia</span> <span class='ocrx_word' id='word_1_303' title='bbox 594 2649 691 2692; x_wconf 90' lang='lat' dir='ltr'>eiusdem</span> <span class='ocrx_word' id='word_1_304' title='bbox 713 2649 870 2703; x_wconf 83' lang='lat' dir='ltr'>archiepiscopi</span> <span class='ocrx_word' id='word_1_305' title='bbox 888 2648 1021 2702; x_wconf 85' lang='lat' dir='ltr'>iuraverunt,</span> 
     </span>
     <span class='ocr_line' id='line_1_34' title="bbox 165 2719 1023 2779; baseline -0.005 -14"><span class='ocrx_word' id='word_1_306' title='bbox 165 2724 320 2766; x_wconf 87' lang='lat' dir='ltr'>monasterium</span> <span class='ocrx_word' id='word_1_307' title='bbox 336 2722 460 2764; x_wconf 77' lang='lat' dir='ltr'>Arrianense</span> <span class='ocrx_word' id='word_1_308' title='bbox 476 2735 515 2777; x_wconf 90' lang='lat' dir='ltr'>per</span> <span class='ocrx_word' id='word_1_309' title='bbox 526 2721 677 2779; x_wconf 80' lang='lat' dir='ltr'>¹quadraginta</span> <span class='ocrx_word' id='word_1_310' title='bbox 694 2735 761 2763; x_wconf 87' lang='lat' dir='ltr'>annos</span> <span class='ocrx_word' id='word_1_311' title='bbox 781 2724 802 2762; x_wconf 90' lang='lat' dir='ltr'>et</span> <span class='ocrx_word' id='word_1_312' title='bbox 818 2733 843 2762; x_wconf 91' lang='lat' dir='ltr'>eo</span> <span class='ocrx_word' id='word_1_313' title='bbox 863 2719 956 2775; x_wconf 86' lang='lat' dir='ltr'>amplius</span> <span class='ocrx_word' id='word_1_314' title='bbox 973 2723 1023 2762; x_wconf 85' lang='lat' dir='ltr'>ante</span> 
     </span>
     <span class='ocr_line' id='line_1_35' title="bbox 165 2787 1023 2851; baseline -0.005 -14"><span class='ocrx_word' id='word_1_315' title='bbox 165 2787 312 2851; x_wconf 80' lang='lat' dir='ltr'>expulsionem</span> <span class='ocrx_word' id='word_1_316' title='bbox 327 2795 455 2837; x_wconf 88' lang='lat' dir='ltr'>inconcusse</span> <span class='ocrx_word' id='word_1_317' title='bbox 470 2792 593 2848; x_wconf 79' lang='lat' dir='ltr'>praefatam</span> <span class='ocrx_word' id='word_1_318' title='bbox 609 2792 723 2835; x_wconf 88' lang='lat' dir='ltr'>ecclesiam</span> <span class='ocrx_word' id='word_1_319' title='bbox 735 2791 864 2847; x_wconf 88' lang='lat' dir='ltr'>possedisse.</span> <span class='ocrx_word' id='word_1_320' title='bbox 894 2791 935 2834; x_wconf 86' lang='lat' dir='ltr'>His</span> <span class='ocrx_word' id='word_1_321' title='bbox 948 2792 1023 2846; x_wconf 86' lang='lat' dir='ltr'>itaque</span> 
     </span>
    </p>
   </div>
   <div class='ocr_carea' id='block_1_7' title="bbox 224 2909 1024 2956">
    <p class='ocr_par' dir='ltr' id='par_1_9' title="bbox 224 2909 1024 2956">
     <span class='ocr_line' id='line_1_36' title="bbox 224 2909 1024 2956; baseline -0.005 -7"><span class='ocrx_word' id='word_1_322' title='bbox 224 2919 232 2935; x_wconf 56' lang='grc' dir='ltr'><em>ἃ</em></span> <span class='ocrx_word' id='word_1_323' title='bbox 243 2918 291 2949; x_wconf 77' lang='lat' dir='ltr'>certa</span> <span class='ocrx_word' id='word_1_324' title='bbox 302 2916 372 2948; x_wconf 82' lang='lat' dir='ltr'>illorum</span> <span class='ocrx_word' id='word_1_325' title='bbox 385 2927 432 2956; x_wconf 75' lang='lat' dir='ltr'>usqne</span> <span class='ocrx_word' id='word_1_326' title='bbox 444 2917 467 2948; x_wconf 79' lang='lat' dir='ltr'>nol</span> <span class='ocrx_word' id='word_1_327' title='bbox 479 2915 555 2947; x_wconf 83' lang='lat' dir='ltr'>detinent</span> <span class='ocrx_word' id='word_1_328' title='bbox 570 2915 634 2947; x_wconf 76' lang='lat' dir='ltr'>librarii</span> <span class='ocrx_word' id='word_1_329' title='bbox 649 2915 695 2953; x_wconf 74' lang='lat' dir='ltr'>crrlpa</span> <span class='ocrx_word' id='word_1_330' title='bbox 708 2920 782 2954; x_wconf 69' lang='lat' dir='ltr'>ron-aqna</span> <span class='ocrx_word' id='word_1_331' title='bbox 794 2919 833 2945; x_wconf 74' lang='lat' dir='ltr'>sinn.</span> <span class='ocrx_word' id='word_1_332' title='bbox 892 2909 900 2931; x_wconf 78' lang='lat'>¹³</span> <span class='ocrx_word' id='word_1_333' title='bbox 913 2913 971 2945; x_wconf 83' lang='lat' dir='ltr'>dilecti</span> <span class='ocrx_word' id='word_1_334' title='bbox 983 2915 1024 2946; x_wconf 68' lang='lat' dir='ltr'>&lt;lecet</span> 
     </span>
    </p>
   </div>
   <div class='ocr_carea' id='block_1_8' title="bbox 165 2978 227 3009">
    <p class='ocr_par' dir='ltr' id='par_1_10' title="bbox 165 2978 227 3009">
     <span class='ocr_line' id='line_1_37' title="bbox 165 2978 227 3009; baseline 0.048 -3"><span class='ocrx_word' id='word_1_335' title='bbox 165 2979 181 3007; x_wconf 75' lang='lat' dir='ltr'>in</span> <span class='ocrx_word' id='word_1_336' title='bbox 193 2978 227 3009; x_wconf 66' lang='lat' dir='ltr'>eorl,</span> 
     </span>
    </p>
   </div>
   <div class='ocr_carea' id='block_1_9' title="bbox 225 3041 836 3093">
    <p class='ocr_par' dir='ltr' id='par_1_11' title="bbox 225 3041 836 3093">
     <span class='ocr_line' id='line_1_38' title="bbox 225 3041 836 3093; baseline -0.007 -11"><span class='ocrx_word' id='word_1_337' title='bbox 225 3046 232 3065; x_wconf 73' lang='lat'>²</span> <span class='ocrx_word' id='word_1_338' title='bbox 245 3044 341 3082; x_wconf 81' lang='lat' dir='ltr'>Oardinali</span> <span class='ocrx_word' id='word_1_339' title='bbox 353 3045 382 3081; x_wconf 88' lang='lat' dir='ltr'>tit.</span> <span class='ocrx_word' id='word_1_340' title='bbox 396 3045 415 3081; x_wconf 79' lang='lat' dir='ltr'>S.</span> <span class='ocrx_word' id='word_1_341' title='bbox 428 3044 517 3080; x_wconf 85' lang='lat' dir='ltr'>Marcelli.</span> <span class='ocrx_word' id='word_1_342' title='bbox 569 3043 575 3062; x_wconf 48' lang='grc' dir='ltr'><em>Ξ</em></span> <span class='ocrx_word' id='word_1_343' title='bbox 588 3042 607 3079; x_wconf 77' lang='lat' dir='ltr'>S.</span> <span class='ocrx_word' id='word_1_344' title='bbox 620 3042 691 3093; x_wconf 84' lang='lat' dir='ltr'>Mariae</span> <span class='ocrx_word' id='word_1_345' title='bbox 702 3042 722 3078; x_wconf 91' lang='lat' dir='ltr'>in</span> <span class='ocrx_word' id='word_1_346' title='bbox 735 3041 836 3078; x_wconf 80' lang='lat' dir='ltr'>Oosmidin.</span> 
     </span>
    </p>
   </div>
   <div class='ocr_carea' id='block_1_10' title="bbox 0 0 1102 3376">
    <p class='ocr_par' dir='ltr' id='par_1_12' title="bbox 0 0 1102 3376">
     <span class='ocr_line' id='line_1_39' title="bbox 0 0 1102 3376; baseline 0 0"><span class='ocrx_word' id='word_1_347' title='bbox 0 0 1102 3376; x_wconf 95' lang='lat' dir='ltr'> </span> 
     </span>
    </p>
   </div>
  </div>
 </body>
</html>
