2178 3376
172 119 215 159 164
428 128 555 164 danninum
567 138 592 164 nr
604 138 716 166 srrsronnn
729 129 762 165 287

94 240 158 279 mes
170 252 219 280 rnrn
234 237 345 281 hominum
365 236 470 279 molestiis
493 238 667 292 agitentur,'eos
688 251 726 279 sue
746 237 887 291 protectionis
906 238 1031 279 munimine¹
1087 242 1089 244 ’

170 312 282 363 tamquam
304 309 340 364 pia
361 311 431 351 mater
453 309 486 349 est
508 307 572 349 solita
594 307 712 351 confovere.
743 307 777 350 Ea
793 311 889 363 propter,
908 309 986 351 dilecte
1001 309 1025 350 in

171 379 263 423 Domino
278 378 310 422 fili
325 379 368 434 Nn,
385 379 531 422 sinceritatem
549 378 675 433 devotionis,
692 394 757 434 quam
770 393 822 434 erga
834 379 923 422 beatum
934 379 1025 422 Petrum
1073 378 1082 411 ³5>

172 455 193 493 et
207 466 247 494 nos
262 452 321 507 ipsos
330 451 411 493 habere
424 450 549 504 dinosceris,
563 451 699 493 attendentes
711 465 827 506 personam
839 454 900 493 tuam
913 451 952 494 sub
965 451 1026 494 beati
1073 438 1086 513 5³3

171 522 232 565 Petri
248 527 269 566 et
285 527 360 566 nostra
375 522 509 577 protectione
522 522 650 577 suscipimus
664 526 685 565 et
697 523 804 577 presentis
818 523 893 577 scripti
904 522 1025 577 patrocinio
1074 536 1083 563 :2

172 595 328 637 communimus
350 597 477 647 statuentes,
494 596 518 634 ut
533 607 582 635 non·
590 593 657 635 liceat
671 593 778 635 Meldensi
794 594 894 649 episcopo
910 607 1026 649 personam

171 668 232 707 tuam
249 665 379 721 suspendere
395 664 429 707 rel
445 664 630 707 excommunicare
644 679 685 707 nec
697 664 780 719 aliquid
792 665 818 708 de
831 665 900 720 bonis,
920 679 962 720 que
974 665 1025 707 huc·

172 751 241 792 usqne
259 737 384 792 possedisti,
405 735 532 778 subtrahere
552 735 633 790 absque
651 735 766 779 manifesta
782 740 804 779 et
818 737 944 780 rationabili
960 750 1025 779 causa

173 812 195 850 et
210 807 340 851 Senonensis
356 808 512 862 archiepiscopi
527 807 562 849 rel
577 807 670 850 Romani
685 807 793 862 pontificis
810 808 948 851 conscientia.
977 806 1025 850 Sta·

172 880 252 921 tuimus
266 880 338 934 etiam,
354 884 380 922 ut
393 878 598 933 archidiaconatum,
615 893 679 933 quem
693 879 761 922 habes
777 880 800 921 in
811 879 918 941 hleidensi
934 879 1026 921 ecclesia
1079 869 1083 909 ἒ

172 952 194 993 in
210 965 236 993 ea
252 951 278 993 de
294 954 365 994 cetero
381 951 482 994 libertate
501 954 523 993 et
541 950 666 1004 integritate
687 951 808 1005 possideas,
830 951 853 993 in
869 966 912 1006 qna
927 954 1025 1006 tempore
1080 941 1086 991 l

172 1025 227 1065 bone
242 1024 344 1065 memorie
361 1022 465 1077 Stephani
483 1022 593 1076 quondam
607 1021 725 1064 Meldensis
744 1022 839 1077 episcopi
858 1027 880 1064 et
895 1021 968 1064 dilecti
986 1020 1026 1063 filii
1081 1010 1085 1081 Ξ

172 1092 247 1150 Ptetri)
262 1094 321 1136 tituli
338 1095 407 1136 sancti
423 1093 539 1148 Grisogoni
554 1093 676 1148 presbyteri
691 1093 817 1148 cardinalis,
834 1093 952 1149 apostolice
968 1093 1025 1136 sedis
1082 1081 1089 1134 ἷῇ

172 1164 244 1220 legati,
262 1165 313 1208 olim
328 1165 447 1208 Meldensis
463 1165 533 1219 electi,
549 1164 645 1207 nosceris
657 1164 765 1207 habuisse.
797 1164 921 1209 Sententiae
934 1179 1026 1221 quoque,

172 1251 226 1290 spiras
242 1237 264 1278 in
280 1237 370 1279 clericos
385 1237 419 1279 rel
434 1236 502 1279 laicos
521 1237 554 1278 tui
573 1226 761 1278 archidiaconatus
776 1236 862 1291 tuleris,
879 1252 922 1280 non
938 1237 966 1279 sit
980 1236 1026 1279 lici·
1085 1224 1088 1277 Ῑ

171 1311 218 1350 tum
233 1308 331 1363 predicto
348 1309 448 1363 episcopo
463 1308 573 1361 relaxare,
590 1307 658 1350 clorrec
673 1311 746 1349 utrum
761 1308 818 1350 iuste
833 1308 868 1350 vel
883 1309 963 1351 iniuste
978 1322 1027 1363 pro·
1086 1316 1088 1357 ζ

172 1379 267 1433 mnlgate
284 1380 327 1421 sint
343 1384 491 1435 cognoscatur.
519 1378 661 1421 Decernimus
677 1393 735 1433 ergo,
751 1383 776 1421 ut
788 1379 842 1421 nulli
858 1381 944 1422 omnino
959 1379 1027 1422 homi·

172 1465 224 1493 num
239 1451 305 1493 liceat
320 1450 376 1493 hanc
391 1451 493 1505 paginam
515 1441 588 1493 nostre
610 1451 751 1504 protectionis
774 1453 795 1492 et
817 1451 976 1494 constitutionis
995 1451 1027 1492 in·
1088 1460 1089 1463 ’

173 1521 266 1576 dingere
281 1522 315 1564 vel
329 1523 349 1564 ei
361 1522 498 1576 aliquatenus
507 1522 626 1564 contraire.
652 1520 736 1575 Siquis
752 1525 825 1563 antem
840 1522 881 1564 hoc
897 1525 1027 1577 attemptare

173 1594 336 1647 presumpserit,
352 1593 524 1647 indignationem
540 1593 692 1648 omnipotentis
707 1592 750 1635 Dei
766 1596 787 1635 et
803 1592 917 1636 beatorum
929 1593 990 1635 Petri
1006 1597 1028 1635 et

173 1663 236 1706 Pauli
252 1663 401 1718 apostolorum
417 1665 462 1706 eius
479 1678 502 1705 se
517 1664 601 1707 noverit
616 1664 759 1706 incursurum.

173 1844 228 1888 287.
245 1845 354 1884 alenciaci-
365 1845 400 1884 ΠΙ
411 1845 511 1884 cccciucrsis
518 1844 614 1895 procacis
625 1845 756 1884 Arcticcbcacc
769 1845 855 1884 ecclcsiccc
868 1846 957 1885 subiectis
969 1858 1028 1895 prec-

246 1917 299 1966 cipit,
315 1929 340 1955 rcc
355 1929 368 1955 a
382 1917 497 1956 Bocrnaoclo
509 1917 599 1967 prinicipc
614 1916 712 1955 occasione
731 1916 847 1967 ccfpiar'tatis,
864 1929 913 1967 paco
931 1921 1028 1956 contracta

247 1988 273 2026 sit
294 1988 345 2026 iotcr
366 2000 411 2026 crica
432 1992 449 2027 ct
470 1988 581 2027 dlarcccclcca
601 1988 746 2036 irapcratorccu,
769 1988 866 2026 ecclesiola
885 1989 1029 2027 Arctioclrercccra

247 2059 337 2097 sciburitti
355 2058 581 2108 Corcstccrrtircopolitanae
592 2059 702 2109 policiano:
733 2058 763 2097 Dc
778 2063 840 2097 castro
859 2058 951 2098 &ursario
967 2060 1026 2098 addit.
1081 2043 1082 2048 Ξ

244 2138 290 2185 Reg.
303 2138 356 2173 Alex.
369 2137 435 2185 fragm.
448 2150 476 2186 ep.
489 2140 519 2183 52,
530 2139 550 2174 in
563 2138 603 2175 cod.
613 2138 659 2174 Ooll.
666 2138 751 2174 Trinitat.
759 2138 864 2185 Cantabrig,
871 2139 894 2174 R.
902 2139 918 2175 9.
926 2141 954 2175 17.

300 2209 302 2214 ·
503 2201 531 2234 s.
544 2207 576 2233 xm
588 2197 619 2233 fol.
634 2198 681 2233 12412.

97 2296 160 2334 1173,
233 2281 407 2337 archiepiscopis
423 2285 445 2324 et
460 2282 567 2337 episcopis
583 2284 605 2323 et
620 2280 704 2323 dilectis
723 2280 773 2323 liliis
792 2281 908 2324 abbatibus
925 2282 958 2324 etb
977 2282 1026 2325 aliis

175 2353 315 2396 ecclesiarum
330 2353 433 2408 praelatis
450 2354 539 2396 ecclesie
552 2352 698 2396 Antiochene'0
713 2353 822 2396 subiectis.
848 2352 872 2396 Si
886 2354 952 2396 matri
967 2356 1026 2396 tene·

174 2440 222 2468 mur
238 2424 320 2468 carnali
334 2424 416 2467 deferre
426 2425 488 2467 irunta
497 2425 560 2467 illud:
577 2428 659 2467 Honora
666 2432 745 2479 pcctrcra
757 2432 815 2467 terrica
827 2432 845 2467 ct
856 2432 939 2467 rrccrtrcca
951 2428 1026 2480 tcccrrcl,

175 2501 196 2539 et
211 2501 293 2550 cetera,
314 2496 449 2551 spiritualem
467 2500 529 2540 tanto
546 2485 648 2539 debemus
664 2496 791 2552 propensius
809 2497 923 2551 honorare,
946 2501 1027 2551 quanto

174 2569 266 2624 amplius
278 2568 386 2611 terrennis
400 2568 488 2611 celestia
501 2572 522 2611 et
535 2568 659 2611 carnalibus
672 2568 794 2624 spiritualia
806 2568 951 2626 preferuntur.
974 2567 1028 2611 Onnr

172 2641 239 2694 igitur
248 2640 407 2683 Antiochenam
420 2640 534 2682 ecclesiam
543 2643 614 2683 vestre
628 2640 739 2694 dignitatis
756 2642 848 2681 matrem
863 2642 885 2681 et
899 2640 1028 2694 magistram

174 2725 220 2753 esse
239 2712 299 2754 vobis
318 2715 369 2767 post
384 2710 505 2754 Romanam
526 2711 641 2754 ecclesiam
659 2709 772 2765 discipline
790 2711 936 2754 ecclesiastice
958 2711 1027 2754 nulla-

173 2787 236 2824 tenus
252 2784 365 2837 ignoretis,
385 2782 414 2825 ad
432 2782 560 2837 dignitatem
577 2783 646 2838 ipsius
667 2781 795 2824 seruandam
810 2783 892 2837 pariter
911 2786 932 2825 et
948 2796 1027 2837 augen-

233 2906 240 2922 s
253 2906 307 2936 Litana
319 2907 357 2937 hacc
369 2911 419 2937 atrrcm
431 2906 451 2936 sit
463 2905 479 2936 N
492 2916 514 2936 arr
522 2904 545 2944 H,
558 2916 590 2937 riori
601 2906 640 2936 scibis
652 2909 716 2936 coastat.
764 2900 773 2921 ¹³
786 2903 875 2936 abbatibus
888 2906 904 2937 et
916 2906 948 2945 epse
960 2906 1019 2937 addidi
1021 2916 1027 2945 ,¹
1043 2922 1044 2925 =

174 2965 195 3004 cf.
208 2966 253 2996 ctiam
265 2975 313 3005 supra
325 2976 347 3005 cp,
361 2962 398 2997 271.
450 2966 456 2982 ⁰
468 2964 558 2996 Anthicefi.
571 2977 584 2996 c.

234 3032 328 3070 ¹Exodus
341 3034 369 3078 20,
383 3034 410 3068 12.
