2154 3394
354 169 415 206 Lucri
426 163 452 205 in
463 179 575 206 nrisronrn
588 163 622 206 372
876 162 918 204 225

61 280 123 323 stitui
138 279 181 321 nisi
200 278 226 321 de
247 278 396 321 convenientia
415 278 561 322 Salmurensis
583 278 669 322 abbatis
689 283 711 322 et
733 279 759 322 de
781 280 921 324 cenobiorum
933 279 1038 319 1184-85

60 353 157 407 ipsorum
170 350 355 405 alteroeligatur,
369 351 458 405 quidam
467 364 507 406 per
519 351 640 405 potentiam
652 351 732 395 nobilis
745 351 920 410 virifflodefridi)
947 339 997 379 NOV·
1006 341 1024 380 δ’

60 423 189 467 Britanniae
208 423 293 466 comitis
312 422 335 464 in
352 422 396 464 iam
415 422 497 465 dictum
513 421 589 464 Sancti
603 422 694 465 Melanii
709 425 866 467 monasterium
881 425 920 467 ali-

61 496 118 539 unde
134 495 248 550 adductus,
265 493 378 550 praedicto
395 494 475 537 abbate
491 493 625 536 Salmurensi
641 499 663 537 et
681 494 786 537 fratribus
802 497 921 539 reclaman-

61 569 132 622 tibus,
154 570 188 609 est
209 568 307 609 intrusus
329 569 351 608 et
371 566 395 607 in
412 565 500 608 illormn
518 565 656 620 dispendium
674 568 831 623 monasterium
849 569 921 624 ipsmn

62 640 159 683 detinere
175 638 293 682 contendit.
326 636 382 691 Quia
397 637 464 692 igitur
480 636 538 691 quod
553 637 654 691 nequiter
669 641 742 680 actum
759 639 830 681 estin
846 640 921 683 eodem

62 710 166 755 coenobio
182 710 210 753 ad
225 708 363 752 rectitudinis
380 710 479 752 convenit
493 708 606 751 tramitem
620 700 728 764 revocari,
745 710 871 755 discretioni
886 726 921 755 ve-

7 832 9 834 ,
63 788 121 840 strae
136 797 175 838 per
185 782 305 837 apostolica
316 781 398 836 scripta
407 781 561 836 praecipiendo
571 781 706 835 mandamus,
724 783 826 837 quatinus
839 787 920 825 utram-

63 869 104 910 que
119 857 205 910 partem
227 853 256 895 ad
277 856 372 895 vestram
394 852 692 896 audientiamconvccautes
711 853 806 897 audiatis
825 856 921 898 rationes

63 931 85 970 et
100 926 242 982 allegationes
258 924 309 967 liinc
324 923 375 966 inde
390 925 513 979 propositas
533 927 555 966 et
571 938 660 967 causam
674 925 745 980 ipsam
760 926 870 969 mediante
889 928 921 969 iu-

63 999 124 1042 stitia
138 997 281 1041 terminetis..
300 995 384 1038 Datum
399 995 499 1039 Veronae
514 995 547 1039 Vr
562 995 615 1039 ldus
630 996 765 1040 Novembris.

64 1239 120 1284 3‘12.
135 1241 212 1280 laucius
224 1239 259 1278 ΙΠ
271 1238 400 1289 burgensibus
415 1240 475 1278 castri
491 1240 538 1278 raoni
553 1239 673 1278 Turonensis
685 1240 776 1288 0011οί111,
792 1253 817 1279 nc
832 1246 867 1280 011
883 1241 922 1290 ipsi

138 1316 173 1352 1111
183 1316 321 1362 procuratores
336 1312 427 1361 ipsorum
448 1312 474 1350 ud
495 1312 559 1349 locum
580 1323 622 1349 101
636 1323 729 1350 sacramur
747 1316 801 1351 rutro
819 1313 922 1352 (dioecesim

140 1385 273 1423 lbu‘oaenscra
287 1382 405 1421 1110111111
420 1383 531 1431 1111111111,
547 1387 579 1421 cet.

206 1462 254 1499 Bibl.
267 1466 306 1498 nat.
319 1462 377 1498 Paris.
391 1463 437 1499 Goll.
449 1463 513 1510 Anjou
525 1466 544 1498 et
556 1462 648 1498 Touraine
660 1463 684 1499 V.
697 1475 715 1500 11.
726 1463 778 1500 1950.

123 1571 204 1613 Lucius
220 1571 333 1625 episcopus
350 1584 424 1612 servus
444 1585 554 1613 servorum
569 1569 611 1612 Dei
626 1557 717 1613 vdilectis
739 1569 789 1613 liliis
809 1571 922 1626 burgensi-
935 1576 1039 1617 118185

64 1645 105 1697 bus
123 1643 191 1685 castri
208 1642 259 1684 novi
274 1641 406 1685 Turonensis
429 1642 521 1685 salutem
540 1645 562 1684 et
580 1642 723 1697 apostolicam
742 1635 1026 1686 benedictionemN0V-12-

64 1715 100 1758 Ad
114 1715 155 1758 hoo
171 1728 198 1756 ex
213 1713 355 1769 dispositione
371 1713 444 1755 divina
460 1727 535 1755 curam
545 1714 640 1755 omnium
651 1717 673 1755 et
684 1714 834 1768 magisterium
850 1729 921 1757 susce-

5 1777 7 1779 *
64 1788 135 1842 pimus
152 1785 292 1840 singulorum,
308 1789 333 1826 ut
349 1784 469 1839 apostoliea
485 1784 615 1839 sollicitudo,
636 1799 701 1838 quam
717 1786 818 1840 gerimus,
839 1788 922 1829 ermetis

5 1858 6 1861 ’
63 1861 87 1900 in
105 1871 217 1901 commune
239 1857 358 1911 prospiciat
380 1860 402 1899 et
422 1869 499 1910 pacem
521 1844 586 1898 simul
607 1869 633 1898 ac
653 1856 764 1899 iusticiam
786 1857 923 1901 subditorum

64 1929 136 1973 foveat
150 1928 310 1971 incessabiliter
327 1932 348 1970 et
364 1927 473 1971 defendat.
504 1926 537 1969 Ne
555 1927 623 1980 igitur
643 1930 714 1969 status
729 1931 802 1970 vester
818 1929 922 1972 secularis

4 2051 7 2054 q
63 2000 208 2055 malignitatis
227 1999 310 2041 astutia
327 1999 468 2054 perturbetur
489 2002 527 2039 aut
541 1998 603 2041 vobis
619 2012 646 2040 ex.
661 1998 733 2041 aliena
747 2001 857 2053 pravitate
873 2015 922 2044 con-

64 2073 144 2126 tingat,
167 2057 413 2125 quod'tranqmffitaus
435 2073 521 2112 vestrae
543 2073 625 2112 statum
647 2085 699 2113 casu
720 2072 812 2126 periculi
831 2077 923 2128 aparte

65 2143 163 2198 qnalibet
178 2142 308 2196 emergentis
328 2144 420 2195 evertat,
442 2142 580 2196 presentibus
602 2141 663 2184 vobis
682 2142 762 2184 litteris
778 2143 922 2199 indulgemus,

4 2249 5 2252 .
64 2219 89 2257 11
104 2215 233 2257 universitas
255 2216 328 2256 vestra
343 2227 383 2255 uec
398 2226 437 2268 per
453 2227 476 2255 se
498 2216 560 2255 extra
581 2213 691 2256 civitatem
709 2228 749 2256 nec
770 2214 923 2269 procuratores

4 2287 5 2290 ’
64 2280 132 2341 ipsius
152 2289 190 2328 aut
208 2285 287 2340 aliquis
303 2299 329 2327 ex
346 2286 395 2339 ipsa
414 2284 442 2327 ad
459 2284 532 2327 locum
550 2299 594 2328 101
615 2300 715 2328 securum
734 2290 796 2329 extra
812 2286 923 2331 Turonen-

4 2367 5 2381 ³
65 2371 110 2400 sem
132 2357 248 2400 dioecesim
266 2356 367 2399 trahatur
385 2357 408 2398 in
430 2370 527 2409 causam3
550 2370 590 2399 nec
606 2357 671 2400 alicui
691 2358 765 2412 liceat,
787 2359 805 2400 si
823 2358 874 2401 illuc
894 2360 922 2401 ci-

65 2429 107 2471 tati
113 2444 157 2472 101
163 2429 306 2482 accesseritis,
317 2428 430 2471 occasione
439 2427 504 2469 huius
514 2428 633 2483 absentiae,
644 2430 784 2472 exensatione
795 2431 922 2485 praemissa,

64 2500 122 2554 quod
138 2500 166 2542 ad
180 2500 253 2543 locum
267 2514 311 2542 non
327 2513 427 2542 securum
443 2499 546 2542 accedere
561 2514 605 2542 non
620 2501 716 2555 possitis,
734 2500 831 2554 aliquam
846 2502 869 2543 in
884 2516 922 2544 vos

65 2573 195 2614 sententiam
207 2571 355 2627 promulgare,
373 2572 391 2613 si
406 2584 457 2613 vero
472 2571 611 2626 promulgata
623 2571 696 2626 luerit,
712 2586 751 2615 nos
768 2586 816 2614 eam
829 2574 923 2616 auctori-

11 2651 14 2656 “
63 2647 110 2686 tate
126 2644 246 2699 apostolica
261 2646 379 2685 vacuantes
396 2642 532 2684 decernimus
544 2656 589 2684 non
600 2646 684 2696 tenere3
702 2644 820 2686 adicientes
836 2658 923 2699 quoque

65 2716 187 2768 statuimus,
203 2718 234 2768 ut,
252 2729 301 2757 01111
317 2729 330 2756 1
346 2714 460 2767 sententia,
478 2727 521 2767 qua
536 2728 574 2756 vos
591 2714 665 2757 dilecti
683 2714 723 2757 filii
738 2716 809 2758 nostri
825 2717 924 2760 canonici
941 2735 943 2737 ·

63 2787 85 2829 b.
98 2786 189 2829 Martini
200 2786 333 2829 Turonensis
347 2785 464 2829 innodasse
481 2784 589 2839 dicuntur,
606 2800 633 2828 ex
647 2786 751 2829 mandato
767 2790 843 2830 nostro
858 2788 923 2830 fueri-

64 2859 92 2901 tis
108 2857 210 2912 absoluti,
226 2858 308 2900 nemini
322 2858 394 2913 liceat,
411 2856 516 2912 quamdiu
532 2871 605 2899 coram
618 2858 727 2901 ordinario
743 2858 815 2901 iudice
830 2859 924 2903 vel'alio

65 2930 162 2984 quolibet
178 2944 191 2972 a
207 2929 257 2972 sede
273 2929 394 2985 apostolica
405 2928 504 2982 delegato
520 2929 594 2982 parati
609 2927 695 2971 meritis
712 2933 770 2972 stare
783 2930 873 2985 judicio,
891 2945 924 2973 ec-

65 3002 209 3045 clesiasticam
228 3001 251 3042 in
271 3016 309 3044 vos
331 3000 461 3045 sententiam
481 2999 630 3055 promulgare,
652 3001 695 3043 nisi
713 3001 806 3044 forsitan
826 3003 924 3045 coniura-

64 3073 136 3128 tionis,
153 3072 179 3115 de
195 3087 239 3128 qua
255 3073 346 3115 ecclesia
361 3073 382 3123 b‚
399 3071 489 3119 Martini
511 3073 657 3127 conqueritur,
673 3072 765 3124 infamia
779 3074 894 3131 laboretis,
911 3089 925 3116 a

99 3157 224 3191 Lonvununsnn,
237 3157 286 3190 Epist.
296 3157 340 3184 Pont.
351 3157 394 3184 Rom.
758 3146 781 3181 15
