2178 3376
157 117 200 157 ite
437 125 528 161 Eussun
539 134 565 160 111
576 134 689 161 aristonem
701 125 736 160 213

157 237 210 279 213.
232 237 334 287 Idaperolus
349 236 384 275 ΠΙ
395 236 550 275 bbrrrorrsensem
565 240 582 275 et
601 236 734 274 Worira'erssear
749 236 846 286 episcopos
864 236 966 275 rorastitor't
980 237 1012 275 iu-

232 306 282 347 dices
297 308 348 347 inter
360 308 499 347 Roirrruodara
514 309 625 358 palocopiam
642 307 768 346 [aetianam
783 311 801 346 et
812 307 945 346 Batauoduri
956 308 1012 358 pudo-

231 392 273 418 rem
291 380 461 419 Gorrlauioeaserra

330 470 378 507 Bibl.
390 475 429 507 nat.
442 470 500 506 Paris.
512 482 546 507 ms.
559 470 592 506 lat.
606 470 664 506 13816
677 482 691 505 s.
703 478 751 506 xvir
763 469 794 505 fol,
808 469 836 505 TS.

73 606 129 644 1153
216 603 327 657 Eugenius
344 603 457 658 episeopus
474 617 548 645 servus
564 616 675 645 servorum
681 601 723 644 Dei
735 600 895 644 venerabilibus
908 600 1012 644 iratribus

57 666 144 705 1³1¹·23·
157 675 264 731 Allberto)
279 674 423 717 Nemausensi
438 678 460 717 et
476 673 607 729 G(uillelmo)
623 672 746 715 Vivariensi
762 673 869 727 episeopis
883 673 975 715 salutem
991 677 1013 715 et

158 746 300 801 apostolicam
315 745 495 788 benedictionem.
522 744 690 788 Frateruitatis²
705 734 790 787 restrae
805 745 888 799 literas,
905 758 959 799 quas
975 759 1011 787 no-

91 848 92 851 ,
156 817 190 859 bis
204 832 268 872 super
281 831 354 872 eausa,
367 832 423 872 quae
432 818 489 860 inter
498 816 644 859 venerabilem
656 816 746 858 fratrem
758 820 857 858 nostrum
862 814 1012 872 Epiaruump

156 888 307 931 Uzetioensem
328 890 453 944 episcopum
475 892 497 931 et
518 888 620 934 dilectum
641 885 710 929 filium
731 890 830 929 nostrum
851 886 1012 942 Barnaeum)

158 960 342 1003 Gordanioensem
354 961 449 1015 priorem
460 961 523 1003 nobis
537 958 687 1013 delegantibus
697 973 771 1002 eoram
780 959 852 1001 uobis⁰
866 958 965 1012 delegata
972 962 1011 1012 est,

156 1032 318 1086 transmisistis,
341 1032 456 1086 diligenter
477 1031 616 1073 attendimus.
648 1029 749 1072 Ceterum
768 1029 826 1084 quod
844 1030 867 1072 in
883 1043 949 1072 eausa
964 1030 1012 1084 ipsa

156 1107 230 1145 vestra
245 1103 377 1157 fraternitas,
394 1106 459 1158 prout
470 1104 561 1146 rationis
575 1102 627 1145 ordo
641 1101 778 1155 suggerebat,
790 1101 908 1157 presedere
921 1101 1011 1156 distulit,

156 1175 199 1216 uisi
214 1175 267 1229 quia
282 1174 328 1216 sedi
349 1174 482 1229 apostolieae
503 1175 647 1217 reverentiam
669 1172 770 1215 exhibere
788 1174 811 1215 in
830 1174 875 1216 eius
894 1173 1012 1228 privilegiis

156 1245 280 1288 humilitate
302 1245 376 1288 debita
400 1246 508 1299 voluistis,
530 1245 593 1288 nobis
612 1245 729 1300 plurimum
752 1245 859 1301 displicet.
896 1244 1013 1299 Privilegia

157 1317 214 1359 enim
229 1332 273 1360 non
288 1330 373 1372 semper
388 1318 432 1370 ius,
456 1317 514 1372 quod
531 1331 575 1359 non
590 1316 692 1371 liabetur,
715 1316 837 1372 conferunt,
861 1315 899 1359 sed
913 1315 1013 1358 habitum

157 1391 292 1431 conservant.
317 1388 351 1431 Ea
363 1393 452 1443 propter
465 1388 546 1431 diutius
556 1388 659 1443 expensis
672 1402 698 1430 ao
710 1388 822 1431 laboribus
835 1388 948 1442 utriusque
963 1402 1012 1442 par-

156 1460 185 1502 tis
201 1463 293 1514 paterna
308 1460 443 1514 benignitate
458 1474 548 1515 paroere
564 1460 683 1514 oupientes,
700 1459 728 1501 ad
744 1473 834 1502 eramen
852 1463 947 1502 vestrum
963 1473 1012 1501 eau-

158 1531 207 1573 dem
222 1533 391 1574 controversiam
406 1532 518 1574 remittere
534 1531 622 1585 dignum
639 1530 738 1573 duximus
754 1531 796 1574 fine
810 1531 882 1574 debito
895 1532 1012 1574 terminan-

158 1603 214 1645 dam.
240 1603 283 1645 Per
298 1603 422 1658 praesentia
438 1604 520 1658 scripta
535 1604 609 1657 itaque
621 1602 682 1645 uobis
698 1603 834 1658 mandamus,
851 1607 958 1658 quatenus
973 1617 1012 1657 pro

157 1675 210 1728 ipsis
225 1674 351 1729 privilegiis,
375 1688 431 1728 quae
452 1675 513 1717 vobis
536 1689 601 1729 super
620 1674 753 1717 discussione
768 1675 837 1730 ipsius
854 1675 1013 1717 controuersiae

157 1748 244 1788 ostensa
260 1749 317 1800 sunt,
332 1746 457 1788 nullatenus
473 1746 595 1801 dimittatis,
612 1746 665 1801 quin
680 1747 776 1801 seposita
794 1747 852 1789 omni
868 1746 1013 1802 appellatione

156 1817 179 1859 in
195 1817 271 1860 eadem
287 1831 353 1860 caiisa
372 1819 490 1860 seeundum
506 1818 612 1860 iustitiam
624 1818 755 1873 procedatis.
782 1816 845 1871 Quod
862 1822 935 1861 autem
951 1831 1013 1872 prae-

158 1889 228 1931 dictus
250 1887 318 1931 frater
338 1893 412 1931 noster
427 1889 562 1932 Uzetieensis
579 1890 692 1944 episeopus
714 1890 834 1938 autenticas
853 1891 928 1932 literas
944 1888 1013 1930 ieliois

157 1961 275 2003 memoriae
290 1975 360 2015 papae
369 1960 492 2004 Innocentii
501 1962 608 2016 opposuit,
625 1961 647 2002 in
661 1961 739 2015 quibus
753 1962 809 2003 sieut
825 1962 947 2017 accepimus
964 1974 1013 2003 eon-

157 2032 245 2086 tinetur,
257 2031 390 2086 donationes,
404 2033 563 2086 eoncessiones
577 2031 777 2075 inbeneficiationes
791 2048 804 2075 a
813 2032 1013 2090 Raim(undo)llze-

157 2104 235 2145 tieensi
251 2104 351 2158 episeopo
366 2104 473 2146 inutiliter
487 2104 564 2157 factas,
580 2105 654 2145 irritas
671 2118 724 2158 esse,
742 2119 860 2160 censemus,
877 2121 921 2148 uon
937 2104 1014 2148 debetd

157 2189 195 2217 vos
208 2189 300 2229 morere,
314 2175 332 2217 si
345 2175 405 2218 robis
419 2179 452 2218 est
464 2175 560 2230 legitime
569 2175 692 2230 probatum,
710 2177 767 2230 quod
777 2177 933 2232 inpraesentia
944 2178 1013 2232 ipsius

158 2260 228 2301 papae
245 2246 272 2288 ab
285 2247 361 2289 eodem
370 2246 493 2289 Raimundo
507 2241 608 2302 episeopo
620 2247 730 2297 restitutio
746 2262 771 2290 ao
785 2249 872 2293 donatio
887 2249 931 2291 XV
946 2250 1013 2292 eucle-

159 2318 240 2360 siarum
252 2318 409 2361 Gordauioensi
421 2319 490 2373 priori
502 2318 561 2361 laeta
573 2318 639 2361 fuerit
652 2324 673 2362 et
685 2321 824 2375 postmodum
839 2321 937 2365 eiusdem
951 2336 1013 2377 prae-

159 2390 278 2432 decessoris
293 2391 362 2433 uostri
377 2390 490 2445 privilegio
507 2390 640 2433 confirmata.
671 2390 720 2433 Non
739 2392 796 2434 euim
812 2393 870 2446 quod
889 2408 951 2436 suum
967 2399 1014 2437 erat

137 2490 140 2492 -
157 2461 233 2504 illicite
250 2461 346 2516 donavit,
364 2462 402 2504 sed
421 2463 479 2516 quod
494 2463 589 2505 alienum
606 2465 705 2517 eognovit
720 2464 822 2506 restituit.
853 2465 972 2508 Praeterea
988 2466 1014 2508 de

158 2548 201 2576 uuo
217 2534 379 2588 privilegiorum
395 2534 499 2576 antedicti
514 2534 588 2576 fratris
601 2536 671 2577 nostri
682 2536 745 2578 nobis
759 2542 884 2591 suggestum
900 2541 939 2591 est,
956 2539 1014 2592 quod

158 2608 209 2659 post
230 2608 312 2647 motam
334 2606 503 2648 controuersiam
525 2620 538 2647 a
559 2606 621 2649 nobis
643 2605 709 2649 fuerit
728 2608 875 2663 impetratum.
911 2607 974 2663 Quod
996 2612 1014 2652 si

158 2691 233 2718 verum
249 2680 288 2729 est,
305 2676 409 2719 adversae
421 2678 491 2732 partis
503 2677 611 2720 iustitiam
623 2693 666 2721 non
679 2679 744 2721 debet
755 2681 883 2723 imminuere
896 2695 934 2724 seu
945 2686 1013 2724 retar-

160 2747 218 2790 dare.
249 2747 331 2790 Datum
346 2748 430 2792 Romae
446 2749 504 2805 apud
520 2748 624 2792 Sanctum
640 2750 730 2793 Petrum
745 2751 778 2795 IV
793 2751 904 2795 Kalendas
920 2752 977 2795 Iulii.

217 2977 372 3011 amaenitatis.
427 2976 510 3012 l'Cobet
552 2979 645 3012 “uobisu
695 2976 905 3021 dcorr-ipericbouarderia:
922 2993 1013 3023 censemus,

100 3062 103 3067 .
159 3036 191 3069 hoo
202 3047 236 3069 non
248 3037 309 3070 debere
321 3048 350 3071 vos
362 3048 430 3071 movere
442 3041 466 3071 oet
478 3040 524 3080 quod
536 3049 570 3071 uon
582 3040 632 3072 debet
644 3050 674 3071 vos
686 3050 758 3074 movere,
810 3075 812 3078 ,
