2154 3394
317 184 444 222 Aramum
455 195 481 221 ur
493 194 605 222 nrrsronnn
617 185 652 222 240
867 175 908 216 133

57 300 78 338 te
100 299 122 336 et
143 292 273 335 Macrinium
288 292 434 337 Parisiensem
456 295 581 349 episcopum
603 307 668 349 super
688 294 801 336 ecclesiam
817 292 838 336 S.
856 292 909 336 Ger·
943 298 1000 338 1163

57 365 116 409 mani
131 364 154 406 in
168 363 224 406 Laia
240 368 262 406 et
277 364 384 420 capellam
396 365 417 409 S.
430 365 517 420 Aegidii
533 379 582 406 cum
597 365 701 420 parochia
718 380 758 408 sua
773 369 795 407 et
810 364 909 408 omnibus
921 357 969 408 APP-
978 357 1011 397 20·

58 437 86 481 ad
100 435 235 491 praedictam
251 437 363 480 ecclesiam
376 438 446 480 sancti
459 436 563 479 Germani
577 429 743 491 pertinentibus,
760 437 843 479 dilectis
859 435 910 478 filiis

57 508 137 551 nostris
153 507 233 550 Milone
249 508 416 551 Mediolanensis
439 508 543 550 ecclesiae
562 507 749 564 archipresbytero
766 512 789 551 et
801 507 911 551 Osmundo

58 579 177 622 Parisiensi
184 580 286 622 canonico
293 579 446 634 mediantibus,
454 579 613 622 rationabiliter
622 580 680 622 lacta
690 582 728 634 est,
739 580 796 622 sicut
804 580 827 622 in
837 583 911 622 auten-

58 653 101 695 tico
118 652 198 706 scripto
215 651 292 694 exinde
307 651 379 694 faot01
394 651 491 694 noscitur
504 651 616 705 contineri,
632 651 673 694 tibi
689 655 711 693 et
722 666 761 707 per
772 654 795 693 te
808 651 912 694 ecclesiae

60 728 111 766 tuae
127 723 258 765 auctoritate
274 723 393 778 apostolica
408 722 520 764 firmamus
536 725 558 763 et
569 723 691 776 praesentis
705 723 780 778 scripti
791 723 912 778 patrocinio

60 785 215 838 communimus
235 798 364 848 statuentes,
380 797 405 836 ut
419 793 474 835 nulli
490 795 576 837 omnino
594 794 706 838 hominum
724 794 789 837 liceat
803 794 860 836 hanc
875 809 912 849 pa-

61 867 133 921 ginam
148 869 236 908 nostrae
253 865 422 909 confirmationis
440 865 557 919 intringere
575 865 609 907 rel
628 867 647 907 ei
663 865 799 920 aliquatenus
818 865 912 908 obviare.

62 936 84 980 Si
100 937 148 991 quis
164 940 237 979 autem
255 937 296 980 hoc
315 940 445 992 attemptare
460 937 640 992 praesumpserit,
656 937 808 992 omnipotentis
823 936 865 979 Dei
880 937 912 978 in-

62 1008 208 1063 dignationem
225 1011 246 1051 et
260 1007 375 1051 beatormn
389 1008 450 1050 Petri
471 1012 493 1050 et
504 1003 568 1050 Pauli
587 1008 734 1063 apostolorum
750 1009 795 1050 eius
811 1022 834 1050 se
849 1004 912 1051 nore-

61 1081 90 1122 rit
105 1081 248 1122 incursurum.
279 1079 361 1122 Datum
376 1079 474 1122 Parisios
489 1078 536 1121 XII
551 1077 662 1122 Kalendas
678 1079 737 1121 Maii.

61 1308 122 1351 240.
138 1309 291 1348 stercoream
302 1309 599 1359 1111111111119111191111110111111
613 1309 709 1360 firlclibus,
726 1309 761 1360 prii
776 1309 802 1348 orl
816 1309 913 1348 ecclesium
962 1301 964 1303 ¹

136 1381 156 1420 S.
168 1368 286 1420 Ger-olonzac
298 1380 366 1419 Protin
378 1393 390 1418 o
402 1393 443 1419 rosc
454 1384 584 1438 corraeorntunc
600 1392 612 1418 a
627 1380 657 1419 {lie
674 1381 698 1418 21
711 1393 737 1419 111.
750 1381 797 1431 Apr.
812 1392 875 1431 rrspcrc
890 1380 915 1419 orl

134 1452 151 1490 d.
164 1452 189 1491 19
197 1451 249 1490 lllcrir'
261 1451 380 1500 clarescerent,
393 1452 535 1501 tnrlulpcrrtiom
546 1452 652 1502 prorrntttr't.
673 1452 733 1491 Acran
745 1453 767 1491 dc
779 1452 914 1490 orrrrr'ocrsorr'o

136 1523 263 1562 clcrlr'cotionis
278 1523 313 1561 dic.
401 1510 402 1513 Ἴ

193 1586 195 1589 ’
258 1591 336 1637 Autogr.
349 1590 370 1626 in
382 1590 440 1627 tabul.
453 1594 491 1627 nat.
504 1591 562 1627 Paris.
575 1591 596 1626 L.
610 1591 645 1627 230
657 1602 675 1625 n,
689 1590 717 1625 18.

113 1697 374 1758 ,Alexanderepiscopus
395 1712 469 1740 servus
486 1713 596 1741 servorum
611 1698 653 1740 Dei
668 1698 774 1740 universis
790 1697 832 1740 Dei
847 1697 915 1741 fideli·
947 1705 1004 1743 1163

62 1770 103 1812 bus
118 1784 157 1825 per
172 1784 263 1824 regnum
274 1768 409 1812 Francorum
422 1770 545 1812 constitutis
558 1770 651 1811 salutem
664 1773 685 1811 et
698 1764 1019 1824 11])011οΙ101111116116-ΑΡ222·

62 1841 184 1884 dictionem.
216 1839 304 1882 Certum
323 1844 356 1882 est
375 1844 396 1882 et
410 1841 529 1883 multarum
545 1841 701 1895 scripturarum
718 1841 842 1884 testimonio
859 1855 915 1884 com·
969 1844 970 1847 ’

61 1913 183 1967 probatum,
200 1912 293 1966 qualiter
308 1911 372 1953 beato
388 1911 454 1954 Petro
470 1912 564 1954 celorum
579 1912 640 1966 regni
656 1912 763 1965 clavigero
779 1911 878 1954 dominus
895 1916 916 1954 et

62 1983 186 2039 redemptor
207 1986 281 2025 noster
303 1981 401 2024 Christus
423 1982 500 2025 lbesus
521 1983 604 2037 ligandi
626 1987 691 2037 atque
714 1983 810 2025 solvendi
830 1983 917 2038 plenam

63 2055 141 2097 tribuit
156 2058 287 2110 potestatem
307 2053 350 2095 illis
369 2055 472 2109 precipue
490 2054 572 2108 verbis,
590 2053 668 2109 quibus
683 2054 768 2097 locutus
785 2058 818 2097 est
834 2054 915 2097 dicens}

63 2126 111 2180 „Tu
126 2141 149 2168 es
160 2126 239 2168 Petrus
255 2129 277 2167 et
289 2138 354 2180 super
365 2125 422 2167 hanc
434 2128 519 2180 petram
534 2125 655 2168 hedificabo
672 2125 786 2167 ecclesiam
801 2140 879 2180 meam,
896 2131 917 2168 et

63 2198 213 2252 quodcumque
228 2196 328 2251 ligaveris
342 2211 407 2251 super
419 2200 507 2250 terram,
518 2197 560 2238 erit
571 2196 662 2250 ligatum
675 2200 696 2238 et
708 2198 731 2239 in
743 2197 802 2251 celis,
816 2201 837 2239 et
850 2198 917 2252 quod-

64 2283 155 2324 cumque
171 2268 260 2311 solveris
273 2281 338 2322 super
352 2271 440 2321 terram,
458 2268 499 2309 erit
512 2268 606 2311 solutum
619 2271 640 2309 et
652 2268 675 2309 in
687 2267 774 2310 celiam
789 2268 852 2311 Hanc
868 2283 917 2312 ean-

64 2335 118 2382 dem'
133 2343 264 2395 potestatem
286 2339 368 2381 cunctis
391 2338 551 2381 successoribus
570 2340 615 2381 eius
638 2339 757 2382 abeodem
772 2339 917 2395 Redemptoro

63 2415 137 2454 nostro
154 2411 220 2453 fuisse
236 2404 344 2462 collatam,
361 2424 374 2452 a
389 2410 455 2463 nullo,
477 2410 515 2464 qui
531 2424 642 2452 sacrarum
658 2410 739 2453 habeat
753 2411 917 2465 intelligentiam

65 2483 228 2538 scripturarum,
245 2482 351 2524 oredimus
364 2481 465 2536 ignorari.
491 2481 525 2523 Er
541 2482 656 2536 caltaque
672 2485 780 2536 potestate
795 2483 864 2535 nobis,
881 2482 918 2536 qui

65 2553 88 2595 in
102 2553 162 2596 beati
177 2553 249 2614 Petri
261 2552 364 2595 cathedra
383 2553 434 2595 licet
454 2552 537 2606 indigni
553 2554 702 2607 successimus,
722 2568 735 2595 a
751 2552 836 2596 domino
852 2552 918 2595 Ihesu

65 2624 150 2667 Christo
162 2631 276 2678 concessa,
293 2638 342 2666 crim
357 2624 448 2666 ecclesia
464 2622 485 2665 S.
503 2622 606 2673 Germani
621 2624 758 2678 Parisiensis,
775 2638 816 2678 que
831 2624 917 2679 proprie

62 2696 94 2738 ad
108 2693 142 2739 ins
156 2700 293 2739 sacrosancte
304 2696 403 2739 Romane
416 2695 505 2737 ecclesie
517 2695 618 2750 pertinet,
632 2711 710 2738 munus
723 2695 864 2739 dedicationis
879 2696 918 2736 im-

65 2768 199 2821 pendimus3,
221 2768 247 2810 de
266 2768 374 2811 communi
392 2767 484 2823 fratrum
502 2770 626 2809 nostrorum
645 2768 795 2822 episcoporum
813 2769 834 2808 et
850 2766 918 2808 cardi·
953 2819 956 2824 ,

66 2838 148 2881 nalium
164 2840 253 2883 consilio
266 2854 333 2881 unum
346 2853 426 2881 annum
439 2837 465 2880 de
477 2837 574 2884 iniuncta
586 2838 706 2893 penitentia
719 2838 801 2880 ermetis
818 2837 852 2879 dei
867 2836 918 2879 fide·
949 2866 951 2868 -

66 2908 123 2953 libus
140 2926 153 2953 a
169 2911 203 2953 die
220 2911 362 2954 dedicationis
383 2924 452 2965 usque
474 2908 502 2951 ad
524 2912 765 2969 octavaspentecostes
783 2908 835 2951 illuc
854 2922 920 2951 causa

127 3031 134 3049 ¹
146 3030 195 3067 Vide
208 3030 257 3067 Gall.
270 3030 338 3066 Christ.
350 3030 402 3076 VIII
414 3030 470 3065 Iustr.
483 3040 495 3076 p
508 3027 547 3063 338.
599 3027 606 3047 2
617 3027 686 3064 aranu.
693 3028 722 3072 io,
729 3027 751 3063 18
758 3031 777 3064 et
783 3028 811 3064 19.
861 3028 873 3077 ἓ
885 3028 921 3065 Die

68 3086 90 3122 21
103 3088 155 3136 Apr,
167 3090 203 3126 vid.
216 3090 265 3127 Jaffe
277 3089 322 3136 Reg.
336 3089 390 3126 Pont.
403 3090 457 3125 Rom.
470 3101 488 3136 p.
501 3088 540 3124 691.
