2152 3376
169 153 211 194 248
431 161 554 198 Coannsrmr
565 171 591 197 m
602 171 715 198 arrsronan
727 163 762 199 403

92 270 148 309 1192
167 271 311 314 immobilium
326 272 412 325 quartem
433 268 554 312 distrahere
576 272 597 311 et
617 270 641 311 in
658 270 726 313 totius
745 270 911 314 christianitatis
931 286 1023 315 commo·

88 331 155 369 1¹¹1·ss·
169 343 220 386 dum
241 345 366 385 convertere
385 341 549 397 compelluntur.
580 340 629 384 Hac
650 342 725 396 itaque
747 343 920 386 consideratione
941 343 1024 386 inducti

169 419 190 458 et
205 414 292 457 illorum
307 412 408 455 maximis
426 412 595 455 necessitatibus
613 414 733 468 provocati,
750 414 914 456 universitatem
929 418 1024 458 vestram

167 485 304 543 presentibus
325 484 405 526 litteris
427 485 573 539 exhortamur,
596 486 708 540 quatinus,
731 485 788 528 unde
804 499 879 529 eorum
898 487 1024 543 suppleatur

167 558 248 613 inopia,
264 556 368 613 populum
383 556 445 599 vobis
461 570 475 599 a
485 556 537 599 Deo
549 557 688 598 commissum
704 556 806 600 collectas
822 556 894 600 facere
910 558 1023 602 moneatis.

168 628 297 684 Quicunque
318 642 369 671 rero
391 627 418 670 de
439 627 580 670 facultatibus
600 627 642 670 sibi
661 642 674 669 a
689 627 737 671 Deo
753 628 837 672 collatis
854 629 885 671 eis
901 630 1025 673 subvenerit

168 706 190 744 et
205 702 229 743 in
243 704 290 743 tam
306 703 382 742 sancta
397 699 534 742 fraternitate
550 712 573 741 se
592 699 697 754 collegam
716 700 819 743 statuerit
838 701 901 756 eique
919 701 1025 745 beneficia

167 772 302 830 persolverit,
319 772 433 814 annuatim
449 772 564 826 septimam
577 770 596 812 ei
608 775 694 825 partem
706 771 802 814 iniuncte
814 773 932 828 penitentie
950 772 1025 817 confisi

169 846 195 888 de
217 846 332 888 beatorum
347 843 409 885 Petri
428 846 450 886 et
468 842 533 885 Pauli
553 842 701 897 apostolorum
722 844 805 886 meritis
827 844 970 899 indulgemus.
1002 844 1025 888 Si

167 932 218 961 rero
235 915 434 978 excommunicatus
452 928 495 957 non
513 913 579 956 suerit
598 914 632 956 rel
648 915 776 957 nominatim
794 915 923 958 interdictus
939 920 961 959 et
976 931 1026 959 eum

167 990 223 1033 mori
239 988 360 1042 contigerit,
377 987 397 1029 ei
413 1000 462 1028 cum
478 985 526 1027 aliis
546 984 671 1028 christianis
688 987 801 1042 sepultura
820 987 967 1030 ecclesiastica
982 1003 1026 1031 non

167 1063 266 1115 negetur.
298 1058 352 1101 Cum
368 1061 441 1101 autem
456 1057 535 1099 fratres
550 1057 619 1111 ipsius
630 1056 721 1112 Templi,
739 1059 776 1113 qui
792 1058 820 1100 ad
833 1059 946 1101 collectam
959 1060 1025 1102 susci-

167 1131 270 1187 piendam
281 1130 385 1172 destinati
396 1129 484 1182 fuerint,
500 1123 524 1170 in
536 1128 654 1183 civitatem,
671 1118 786 1172 castellum
801 1130 836 1172 vel
847 1131 919 1173 vicum
934 1130 1025 1173 advene-

167 1203 218 1257 rint,
235 1203 254 1245 si
269 1201 325 1245 forte
340 1202 401 1244 locus
417 1201 463 1256 ipse
479 1199 608 1242 interdictus
629 1201 663 1253 sit,
683 1201 706 1242 in
724 1201 817 1244 iocunde
837 1216 912 1244 eorum
932 1202 1026 1244 adventu

168 1274 235 1318 semel
249 1274 272 1316 in
288 1288 345 1316 anno
361 1272 488 1328 aperiantur
501 1272 592 1315 ecclesie
605 1276 628 1314 et
640 1271 733 1315 exclusis
747 1274 937 1316 excommunicatis
954 1274 1026 1316 divina

167 1348 190 1389 in
206 1347 237 1390 eis
253 1344 325 1388 officia
341 1344 484 1387 celebrentur.
511 1342 557 1397 Que
573 1357 623 1386 vero
641 1344 726 1388 deuon
742 1346 933 1388 excommunicatis
950 1359 1025 1389 eorun-

169 1419 218 1461 dem
233 1418 327 1459 militum
343 1415 447 1458 tratribus
467 1415 614 1458 ecclesiastice
630 1415 741 1471 sepulture
759 1416 872 1459 tradendis
889 1420 911 1460 et
930 1417 1026 1459 ecclesiis

168 1492 191 1533 in
204 1504 279 1533 eorum
291 1488 392 1542 adventu,
407 1487 710 1541 excommunicatisexclusis,
725 1488 805 1545 se(mel]
821 1489 944 1543 aperiendis
960 1503 973 1531 a
988 1503 1025 1532 no-

168 1562 202 1605 bis
219 1563 303 1603 statuta
319 1563 376 1613 sunt,
392 1559 453 1602 vobis
470 1559 646 1614 archiepiscopis,
663 1559 777 1614 episcopis,
795 1560 918 1603 mandando
934 1561 1026 1616 precipi-

168 1647 226 1687 mus,
248 1635 274 1674 ut
294 1646 334 1687 per
355 1634 438 1673 uestras
457 1630 583 1686 parrochias
603 1628 690 1677 faciatis
708 1630 893 1686 inrefragabiliter
909 1627 1026 1675 observari.

168 1704 273 1747 Preterea
294 1702 428 1745 fraternitati
442 1706 514 1745 vestre
529 1700 626 1756 rogando
645 1701 784 1756 mandamns,
805 1703 907 1757 quatinus
922 1718 1026 1758 personas

169 1790 244 1819 eorum
260 1778 281 1818 et
295 1774 354 1818 hona
372 1789 411 1829 pro
431 1774 522 1816 caritate
541 1773 601 1815 beati
617 1772 678 1815 Petri
697 1777 719 1816 et
734 1777 810 1816 nostra
829 1776 989 1817 manuteneatis
1006 1779 1027 1817 et

168 1847 251 1890 nullam
267 1847 298 1889 eis
313 1846 406 1900 irrogari
420 1845 526 1887 lesionem
544 1844 579 1886 rel
596 1845 700 1887 iniuriam
714 1844 853 1900 permittatis.
887 1846 969 1889 Datum
984 1845 1026 1889 La-

168 1919 240 1961 terani
255 1917 279 1960 11
293 1917 348 1962 Non.
365 1917 423 1971 Iulii,
439 1915 579 1972 pontificatus
595 1916 666 1959 nostri
682 1930 738 1959 amro
755 1916 855 1960 secundo.

168 2136 230 2180 403.
246 2136 366 2176 Caelestinus
381 2135 415 2174 III
427 2134 571 2184 archiepiscopo
586 2133 696 2173 Seaoaoaci
711 2138 728 2173 ct
740 2134 805 2173 ahtau·
820 2134 840 2173 S.
854 2135 958 2175 0011011100
970 2148 1027 2175 01011-

244 2209 282 2256 aar,
298 2208 394 2247 indacum
408 2205 652 2246 0011111001111000000001
666 2206 695 2245 nal
710 2206 753 2244 cias
765 2206 889 2255 sarrientem,
907 2211 938 2256 01,
954 2212 1028 2257 receptu

240 2280 326 2330 practorio
342 2278 410 2326 debito,
427 2278 547 2317 deperanda
565 2277 656 2327 Golorrpcs
668 2278 771 2328 prioratui
787 2279 809 2317 dc
829 2278 914 2318 Caritate
928 2279 1028 2318 restituero

243 2364 285 2389 0011
300 2354 378 2389 aaaron
590 2388 592 2390 ,

253 2419 301 2455 Bibl.
313 2422 352 2455 nat.
365 2418 423 2454 Paris.
436 2429 470 2453 ms.
483 2417 515 2453 lat.
529 2417 593 2460 12680.
606 2416 638 2453 fol.
652 2417 689 2453 2311.
709 2428 768 2453 manu
780 2429 794 2453 s.
808 2426 942 2454 XVII-xum.
984 2408 985 2411 ¹

88 2537 145 2576 1192
230 2526 350 2569 Gelestinus
373 2526 486 2581 episcopus
509 2538 583 2567 servus
603 2538 714 2567 servornm
729 2523 771 2566 Dei
789 2525 909 2576 venera-bili
927 2525 1027 2568 fratri..

75 2597 157 2649 Aug-6·
171 2599 290 2642 Senonensi
305 2597 482 2653 archiepiscopo1
498 2599 519 2638 et
536 2595 615 2639 dilecto
631 2595 675 2639 filio
689 2629 694 2638 .
709 2629 713 2638 .
731 2596 821 2639 abbatie
837 2596 858 2640 S.
874 2596 991 2640 Columbae
1006 2598 1029 2639 iu

171 2671 252 2715 diocesi
267 2669 386 2713 Senonensi
402 2660 520 2711 constituto
537 2667 631 2710 salutem
649 2671 672 2710 et
688 2668 830 2723 apostolicam
848 2667 1028 2712 benedictionem.

170 2743 205 2786 Ex
220 2742 366 2785 insinuatione
389 2740 517 2783 dilectorum
536 2738 630 2782 filiorum
647 2739 747 2782 abbatis3
768 2743 790 2782 et
806 2744 924 2783 conventus
943 2739 1028 2783 Olunia-

171 2815 242 2857 censis
257 2829 296 2856 nos
313 2813 423 2868 accepisse
438 2811 549 2865 noveritis,
566 2811 631 2865 qnod,
648 2826 698 2853 cum
712 2812 822 2866 prioratus
839 2826 914 2854 eorum
931 2811 1029 2854 1100011-

171 2890 217 2928 tate
232 2890 337 2941 tempore,
354 2900 397 2940 quo
413 2884 538 2926 carissimus
554 2883 577 2924 in
587 2882 673 2925 Christo
689 2882 746 2925 filius
759 2886 834 2925 noster
843 2883 965 2942 Philippus,
981 2883 1006 2925 ill
1021 2908 1028 2914 -

173 2958 224 3001 stris
239 2957 377 3001 Francorum
392 2970 437 3010 rer,
453 2954 628 3009 Hierosolymam
643 2953 753 3009 profectus
770 2958 809 3009 est,
825 2954 868 2997 Dei
880 2955 1030 3011 praevidentia

233 3078 239 3097 ¹
252 3076 340 3114 Gnidoni.
390 3074 498 3111 ²Radulfo.
548 3073 555 3094 3
568 3073 661 3120 Hugonis.
