2151 3376
335 1160 688 1240 PRAEFATIO.

145 1493 188 1556 Ex
200 1512 270 1555 tribus
283 1510 379 1554 fontibus
392 1510 522 1566 proveniunt
534 1510 639 1565 epistolae
651 1509 778 1564 pontificum
787 1510 941 1566 Romanorum,

22 1592 24 1595 ’
87 1609 143 1650 quae
159 1599 286 1650 sequuntur,
305 1595 409 1637 ineditae:
430 1593 524 1649 primum
540 1607 566 1635 ex
582 1593 692 1636 codicibus
712 1593 857 1636 bibliothecae
873 1595 942 1638 natio-

86 1680 142 1721 nalis
157 1680 278 1733 Parisinae,
294 1679 351 1720 unde
368 1692 412 1732 eas,
429 1691 485 1733 quae
501 1665 533 1719 ad
541 1677 656 1720 historiam
668 1691 775 1732 paparum
790 1677 943 1720 illustrandam

85 1762 119 1805 vel
141 1762 168 1804 ad
190 1763 223 1804 ius
247 1762 373 1805 canonicum
395 1761 471 1803 melius
494 1761 666 1815 cognoscendum
681 1761 820 1816 prodessent,
843 1766 881 1804 aut
896 1762 942 1817 ipse

86 1846 190 1901 descripsi
206 1849 245 1888 aut
260 1845 288 1888 ab
304 1845 353 1888 aliis
370 1844 523 1888 describendas
539 1846 613 1887 cirravi
625 1843 743 1900 posteaque
757 1845 848 1898 contuli3
865 1845 942 1888 deinde

87 1943 113 1971 ex
129 1929 274 1984 „Oollectione
286 1929 435 1982 Britannica¹‘,
452 1928 512 1970 cuius
529 1928 677 1984 apographum
692 1929 716 1971 in
731 1930 810 1971 scrinio
827 1927 942 1973 Societatis

86 2012 276 2056 Monumentorum
290 2011 420 2055 Germaniae
434 2016 564 2055 asservatur.
594 2012 628 2055 Ac
644 2013 662 2054 si
675 2012 727 2068 quid
742 2014 765 2055 in
778 2012 866 2055 edendis
879 2013 943 2056 huius

86 2097 219 2139 collectionis
235 2096 331 2152 epistolis
347 2095 417 2138 habeo
433 2095 516 2149 meriti,
533 2096 641 2139 attribuas
657 2096 722 2139 velim
737 2096 763 2139 V.
781 2096 811 2139 Ol.
827 2096 943 2140 Edmundo

86 2179 167 2235 Bishcp
183 2179 331 2223 Londoniensi
347 2182 369 2221 et
384 2179 453 2222 Paulo
469 2179 545 2221 Euald
560 2179 706 2235 Berolinensi,
726 2194 818 2234 quorum
833 2180 870 2222 ille
886 2181 943 2223 codi-

87 2277 133 2306 cem
148 2264 171 2305 in
186 2264 261 2307 Museo
277 2263 404 2306 Britannico
422 2263 505 2305 invenit
524 2263 692 2319 descripsitque,
714 2263 750 2306 hic
772 2278 821 2306 eum
840 2268 944 2319 exparte

86 2346 168 2402 publici
183 2348 236 2390 iuris
255 2346 307 2389 fecit
324 2346 484 2401 uberrimisque
503 2348 560 2390 notis
580 2348 665 2390 ornavit
684 2348 707 2390 111
722 2347 794 2390 Neues
810 2346 891 2390 Archiv
907 2348 945 2390 der

87 2429 233 2474 Gesellschaft
247 2431 262 2474 f.
279 2431 347 2474 altere
364 2431 467 2475 deutsche
480 2430 558 2474 (lesch.
565 2432 592 2474 V.
604 2433 646 2474 275
655 2445 686 2486 sq.
717 2431 793 2486 Neque
806 2444 856 2474 vero
870 2446 944 2474 omnes

86 2514 109 2556 in
123 2514 180 2557 libro
196 2529 244 2558 meo
260 2516 356 2558 invenies
370 2515 503 2558 collectionis
515 2515 656 2557 Britannicae
672 2515 782 2570 epistolas,
796 2514 835 2557 sed
850 2518 944 2557 tantum-

88 2597 151 2640 modo
168 2612 212 2653 eas,
229 2613 321 2653 quarum
331 2599 434 2642 Evaldus
450 2613 490 2641 nec
505 2599 527 2640 in
538 2598 608 2641 Neues
617 2598 698 2641 Archiv
713 2613 754 2641 neo
768 2599 791 2640 in
800 2598 945 2652 Regestorum

87 2679 218 2724 Pontificum
239 2682 387 2725 Romanorum
409 2697 465 2725 nova
487 2682 581 2725 editione
602 2686 688 2725 textum
708 2682 811 2738 praebuit
829 2682 944 2736 integrum.

87 2764 174 2807 Tertius
191 2766 284 2821 denique
299 2765 347 2809 fons
364 2770 397 2808 est
413 2765 481 2809 codex
496 2766 581 2821 collegii
594 2766 615 2809 S.
627 2766 740 2809 Trinitatis
752 2765 944 2821 Cantabrigiensis,

87 2847 208 2891 Alexandri
223 2849 259 2892 Π1
274 2850 361 2904 registri
376 2849 521 2905 fragmentum
538 2850 656 2893 continens.
674 2838 675 2841 Ἴ
688 2850 722 2893 De
741 2865 783 2905 quo
804 2850 877 2892 codice
893 2864 945 2905 quo-

87 2932 147 2974 niam
162 2932 185 2974 in
200 2932 272 2976 Neues
288 2933 369 2976 Archiv
384 2933 413 2977 X.
430 2936 473 2977 586
495 2933 564 2976 fusius
587 2934 690 2989 disserui,
713 2935 766 2977 satis
787 2937 821 2977 est
838 2933 880 2977 hoc
898 2934 946 2977 loco

88 3016 218 3072 meminisse,
236 3018 375 3072 septuaginta
390 3019 413 3061 in
429 3033 454 3061 eo
470 3018 541 3061 inesse
558 3018 661 3075 epistolas
678 3022 769 3074 excepta
786 3032 831 3060 una
850 3018 947 3061 nondum

88 3104 151 3143 notas
167 3100 223 3158 (vide
239 3100 296 3143 infra
311 3116 375 3157 pagg.
393 3104 442 3157 129,
461 3104 592 3160 raa-208).
