2152 3376
113 188 114 191 ¹
163 168 205 209 258
426 178 548 215 Courrsrmr
560 187 585 213 111
596 186 709 214 arrsrouuu
721 178 757 213 414

80 286 136 324 1196
162 285 268 341 fauorem,
283 286 375 341 prouida
389 287 487 328 noscitur
504 285 665 328 deliberatione
676 288 789 329 statutum.
820 285 865 329 Nos
885 290 959 329 autem
974 287 1018 329 tuis
1057 298 1059 302 ·

64 347 105 385 1³³³·
114 345 148 383 29·
162 358 226 400 iustis
236 357 420 413 postulationibus
430 361 492 412 grato
501 360 653 401 eoneurrentes
663 371 754 400 assensu
769 358 929 401 institutionem
939 359 1018 414 ipsam,

164 431 220 472 sieut
229 429 318 485 provide
332 443 357 471 ae
367 430 413 471 sine
423 431 531 484 pravitate
541 428 600 471 faeta
613 433 653 483 est,
666 433 738 471 ratam
750 429 864 484 habentes,
882 444 930 473 eam
946 434 1019 473 aueto-

162 502 229 544 ritate
249 501 369 557 apostoliea
390 500 542 543 confirmamus
561 504 583 542 et
601 501 709 556 presentis
728 501 804 556 scripti
822 502 944 555 patrocinio
963 516 1020 544 oom-

163 573 278 615 munimus.
309 571 369 614 Nulli
381 585 432 626 ergo
446 564 531 615 omnino
546 571 658 614 hominum
673 571 745 626 lieeat,
762 571 818 614 haue
831 576 905 615 nostre
918 573 1021 629 paginam

164 643 334 687 confirmationis
349 643 467 698 infringere
486 644 520 685 rel
539 644 559 685 ei
578 656 633 685 ausu
651 643 767 686 temerario
787 644 901 686 contraire.
933 644 1021 700 Siquis
1074 678 1075 681 η

164 720 238 758 autem
257 716 298 759 hoo
320 718 453 770 attemptare
477 715 643 770 presumpserit,
670 714 842 769 indignationem
867 716 1021 771 omnipotentis

164 786 207 830 Dei
223 791 244 829 et
259 788 373 830 beatorum
388 786 450 829 Petri
466 790 488 828 et
503 785 567 828 Pauli
583 786 731 841 apostolorum
747 786 793 828 eius
809 801 832 829 se
851 787 936 830 noverit
950 788 1021 829 ineur

165 873 246 901 surum.
277 857 360 901 Datum
375 856 480 900 Laterani
498 856 546 900 Im
560 857 610 900 Kal.
627 857 700 912 Febr,
721 857 862 913 pontificatus
879 859 949 901 nostri
965 873 1021 902 anno

166 931 248 984 quinto.
912 940 914 942 ’

166 1134 222 1178 414.
246 1136 366 1175 Goelestiuus
381 1135 415 1174 ΠΙ
427 1135 551 1174 usitandum
566 1136 646 1175 electura
662 1149 674 1175 u
689 1136 774 1185 tepitudo
792 1135 811 1175 S.
824 1136 912 1175 orarent
928 1138 1023 1176 [teucrorum

240 1207 346 1257 eoladi-root
361 1212 378 1246 et
396 1208 491 1256 irrupistro
507 1207 600 1257 Philippo
615 1208 710 1246 eruraouioo
725 1207 848 1255 Paestana,
864 1209 952 1247 electioni
966 1209 1024 1251 illiue

241 1279 346 1327 eontra-are,
362 1278 466 1317 strenuam
480 1278 572 1327 imponit.

351 1360 430 1404 Autogr.
442 1357 462 1393 in
475 1357 534 1394 tabul.
546 1361 585 1393 nat.
598 1358 656 1395 Paris.
669 1358 691 1393 L.
704 1358 738 1394 235
751 1370 769 1394 n.
783 1358 835 1394 Mis,

87 1478 144 1517 119ss
228 1466 349 1509 Oelestinus
365 1466 479 1521 episeopus
499 1480 573 1507 seruus
590 1479 700 1508 serrorum
715 1466 758 1508 Dei
772 1467 933 1509 uenerabilibus
952 1467 1024 1509 fratri-

77 1537 209 1589 Apr.1-·bus
223 1572 227 1581 .
242 1571 247 1581 .
264 1537 384 1581 Senonensi
400 1537 575 1592 arolriepisoopo1
591 1539 631 1578 et.
646 1570 650 1577 .
667 1538 768 1592 episeopo
784 1536 917 1580 Parisiensi‘2
933 1538 1025 1581 salutem

168 1614 191 1653 et
206 1609 349 1666 apostolieum
364 1608 543 1651 benedictionem.
570 1607 624 1650 Cum
640 1607 731 1650 dileotus
747 1608 805 1651 filius
821 1611 925 1663 magister
934 1609 1025 1664 Egidius

168 1681 299 1725 Parisiensis
315 1684 390 1723 nostro
406 1693 429 1722 se
445 1679 571 1735 conspectui
585 1682 740 1734 presentasset,
757 1685 841 1723 uestras
860 1685 882 1723 et
898 1681 1026 1725 dileotoruni

168 1754 263 1797 tiliorum
278 1752 432 1795 canonicorum
448 1751 538 1793 eoelesie
553 1752 613 1794 beati
628 1750 728 1793 Marcelli
743 1751 874 1794 Parisiensis
890 1752 952 1796 nobis
967 1753 1026 1795 litte-

167 1840 204 1868 ras
221 1824 346 1879 assignarit,
363 1837 389 1864 ex
405 1837 499 1877 quarum
517 1826 592 1865 tenore
612 1822 738 1876 didicimus,
759 1823 817 1877 quod
833 1838 882 1866 oum
901 1825 977 1867 eadem
994 1839 1026 1867 eo-

169 1898 235 1940 elesia
251 1897 333 1938 deeano
349 1894 426 1937 fuisset
446 1894 527 1936 [liutius
545 1894 644 1948 uiduata,
663 1895 706 1950 ipsi
725 1896 823 1938 eanonioi
840 1895 943 1938 dileotum
958 1895 1027 1938 filium

168 1968 308 2021 Raiualdmn,
331 1967 366 2009 oui
387 1966 440 2008 satis
462 1965 573 2008 laudabile
594 1966 743 2009 testimonium
764 1967 901 2022 perhibetur,
922 1968 945 2009 in
965 1982 1028 2010 suum

170 2041 276 2083 decanum
286 2037 421 2082 ooneorditer
432 2037 550 2092 elegerunt,
567 2051 659 2092 eumque
670 2037 761 2080 eundern
771 2038 819 2092 tibi,
836 2037 905 2081 frater
921 2039 1027 2095 episcope,

169 2114 339 2168 presentassent,
362 2113 412 2152 ate
428 2107 470 2150 fuit
489 2108 513 2150 in
532 2108 583 2150 sede
603 2108 693 2163 pamfiee
713 2109 831 2153 eollooatus
851 2113 874 2152 et
889 2111 1028 2165 postmodum

170 2199 220 2227 eum
236 2183 318 2225 ourasti
333 2181 369 2238 (ad
385 2181 503 2237 eumutlum
515 2179 628 2234 <dignitatis
640 2181 709 2236 ipsius
725 2182 748 2223 in
760 2169 907 2236 presbiterum
921 2182 1027 2225 ordinare.

169 2255 214 2298 Nos
229 2255 302 2309 igitur,
319 2252 377 2308 quod
392 2266 432 2307 per
446 2255 469 2294 te
485 2256 507 2294 et
525 2251 634 2306 predictos
647 2253 762 2295 eanonieos
775 2252 802 2295 de
817 2253 865 2308 ipso
874 2286 932 2295 .....
946 2253 1028 2296 laetum

170 2331 209 2381 est,
225 2329 299 2368 ratum
313 2323 426 2378 habentes,
443 2323 573 2366 decanatum
591 2324 663 2378 ipsum
676 2324 747 2367 eidem
758 2323 882 2382 ldainaldo)
898 2326 1029 2368 auctoritate

170 2397 291 2454 apostoliea
298 2396 398 2438 duximus
405 2394 583 2438 eontirmandum.
610 2394 717 2449 Quoniam
724 2399 797 2437 autem
805 2383 1029 2452 magisterPliilippus

171 2470 287 2513 canonieus
302 2468 433 2511 Parisiensis
448 2466 512 2509 liuius
527 2466 581 2509 faeti
597 2466 714 2521 aliquando
731 2467 793 2529 extiti
824 2469 964 2523 eontrarium,
981 2482 1028 2523 pre-

171 2543 265 2585 sentimn
280 2540 342 2584 robis
358 2540 490 2582 auctoritate
502 2538 642 2593 mandamus,
662 2542 769 2594 quatenus
790 2539 810 2581 ei
829 2539 855 2581 de
877 2543 948 2583 cetero
965 2554 1030 2595 super

140 2635 141 2638 ¹
170 2614 212 2657 hoe
228 2613 338 2656 silentium
353 2610 477 2666 imponatis,
494 2610 512 2653 si
531 2610 585 2665 quid
602 2611 747 2666 interipsum
763 2610 884 2665 capitulum
900 2614 922 2653 et
938 2611 1029 2653 eundem

170 2685 298 2740 Philippum
310 2682 451 2738 'superfuerit
472 2683 602 2737 questionis,
622 2682 772 2738 (oompontatis
793 2695 835 2736 que
849 2715 1028 2725 ..........

172 2755 320 2812 componenda
342 2758 364 2796 et
384 2745 565 2809 eausam'ipsam
587 2754 733 2810 appellatione
755 2757 839 2796 remota
861 2753 904 2797 fine
926 2754 1029 2798 canonico

171 2828 293 2871 terminetis
308 2827 413 2870 facientes
428 2859 568 2867 ........
584 2839 624 2881 per
640 2839 754 2868 sensuram
771 2826 943 2869 ecelesiasticam
956 2825 1029 2881 appel-

171 2900 253 2943 latione
265 2899 388 2954 postposita
399 2897 490 2940 firmiter
500 2897 617 2952 observari,
633 2897 699 2939 nullis
708 2897 788 2940 litteris
799 2897 945 2952 obstantibus,
955 2895 1029 2953 haeff)

232 3024 239 3039 ²¹
251 3023 272 3054 Iu
283 3023 381 3063 uutopropho
391 3032 431 3062 pene
443 3022 509 3052 aborruit.

233 3092 240 3110 1
252 3091 344 3128 Michaeli.
394 3089 507 3126 2Mauriti0.
