2152 3376
155 117 198 158 254
347 181 350 185 ι
416 128 539 165 concisum
551 138 576 164 m
587 136 700 164 crrsronnn
712 129 748 165 410

74 233 130 272 1194
154 236 257 291 vastarit,
283 237 359 292 suique
380 237 502 292 pernicioso
527 237 625 292 exemplo
648 236 764 292 plerosque
789 238 857 293 ipsius
883 241 1010 284 monasterii

60 293 142 335 Mam*
155 308 271 351 monachos
287 308 310 350 in
326 308 460 351 consimilem
478 322 574 352 errorem
592 308 678 351 induxit
697 308 804 351 suscitans
822 310 845 352 in
864 311 894 353 eis
910 311 1009 355 rebellio-

155 381 189 422 nis
206 383 227 422 et
243 381 392 433 contumaciae
408 380 509 435 spiritum
528 384 550 422 et
568 380 684 423 materiam
698 380 815 423 resistendi
831 385 853 424 et
869 386 944 425 contra
960 382 1010 426 obe-

157 451 251 494 dientiae
266 451 341 506 iugum
357 440 623 495 cervicesdamnabiliter
643 451 745 507 erigendi.
776 451 839 496 Unde
856 468 905 497 cum
919 455 963 497 iam
980 454 1010 497 di-

158 527 204 566 ctus
224 523 292 566 abbas
314 523 379 566 vellet
400 538 436 566 eos
459 525 498 566 sub
516 524 630 579 disciplina
646 525 780 567 monachalis
802 526 883 568 ordinis
906 540 1010 580 coercere,

158 595 246 650 quidam
268 610 342 639 eornm
364 599 440 638 contra
462 610 511 638 eum
533 596 634 638 dicuntur
655 596 774 651 proditorie
793 598 923 640 coniurasse.
956 597 1012 651 Quia

157 668 224 722 igitur
246 668 304 722 quod
325 668 348 709 in
367 667 429 709 laicis
445 668 559 723 puniretur
574 668 686 722 acerrime,
702 682 745 711 non
761 668 826 711 debet
844 670 975 725 impunitum
990 670 1012 712 in

157 740 269 782 monachis
290 739 445 795 praetermitti,
468 739 602 781 fraternitati
622 743 708 782 restrae
727 754 766 796 per
791 741 910 796 apostolica
932 740 1013 798 scripta

158 811 286 854 mandamus
309 814 375 865 atque
397 811 550 866 praecipimus,
573 811 675 865 quatinus
694 812 786 854 veritate
804 812 882 855 horum
903 816 1013 868 comperta

158 886 289 925 memoratos
305 882 429 936 monachos,
447 882 465 924 si
479 882 502 923 in
517 885 591 924 vestra
606 883 717 936 provincia
732 888 835 938 poterunt
853 884 954 938 inveniri,
974 898 1014 939 per

160 954 306 1009 suspensionis
323 957 344 995 et
360 953 588 996 excommunicationis
599 955 730 997 sententiam
739 955 768 997 ad
780 955 917 998 (levationem
929 959 951 997 et
964 955 1014 998 obe-

160 1025 265 1067 dientiam
280 1025 367 1067 abbatis
387 1025 421 1067 sui
440 1039 488 1066 cum
507 1025 565 1067 omni
580 1024 703 1068 humilitate
722 1026 800 1081 redire,
817 1026 963 1082 appellatione
981 1040 1014 1069 re-

160 1100 225 1151 mota,
247 1100 323 1140 nostra
338 1095 389 1138 freti
408 1096 526 1139 autoritate
543 1096 660 1139 studiosius
677 1098 819 1153 compellatis,
841 1101 866 1140 ut
882 1098 905 1140 in
920 1098 1015 1141 claustro

161 1183 199 1212 sno
215 1169 276 1211 iuxta
291 1169 359 1224 ipsius
375 1168 462 1211 abbatis
478 1167 594 1210 arbitrium
607 1168 725 1211 secrmdum
738 1170 819 1213 ordinis
836 1170 973 1225 disciplinam
989 1169 1015 1211 de

160 1241 286 1296 praemissis
302 1240 426 1283 excessibus
442 1239 584 1293 corrigantur.
615 1239 743 1283 Praedictas
759 1256 810 1284 vero
826 1241 945 1284 sententias
960 1244 1015 1283 tam-

162 1313 199 1355 diu
214 1312 300 1355 faciatis
316 1326 355 1368 per
374 1312 476 1354 ecclesias
494 1313 578 1352 vestras
598 1311 687 1365 singulis
708 1312 820 1356 dominicis
837 1316 858 1355 et
873 1312 956 1355 festivis
972 1312 1016 1354 die-

161 1384 202 1427 bus
219 1384 345 1426 denunciari
365 1384 489 1426 solemniter
509 1386 531 1424 et
545 1383 686 1437 praecipiatis
702 1382 794 1426 firmiter
812 1384 932 1438 observari,
949 1383 1017 1426 donec

163 1455 252 1510 suerint,
274 1469 329 1510 qnae
348 1455 506 1510 praemisimus,
529 1454 642 1496 devotione
659 1454 732 1497 debita
751 1455 867 1510 prosecuti.
898 1455 1017 1497 Praeterea

163 1527 327 1569 universitatem
346 1529 442 1568 vestram
463 1539 574 1568 monemus
597 1526 701 1567 attentius
721 1530 742 1569 et
760 1541 799 1581 per
818 1526 938 1582 apostolica
956 1526 1017 1569 vobis

164 1599 245 1654 scripta
260 1598 396 1652 mandamus,
412 1601 437 1639 ut
452 1596 609 1639 monasterium
624 1597 696 1651 ipsum
715 1601 736 1639 et
754 1599 802 1640 iura
821 1612 860 1640 sua
877 1597 966 1653 speciali
982 1597 1017 1640 de-

163 1669 259 1712 fensione
282 1672 367 1711 tuentes
390 1683 403 1711 a
421 1682 538 1723 pravorum
559 1668 682 1710 incursibus
703 1672 779 1712 nostra
801 1673 822 1711 et
842 1672 914 1711 vestra
935 1669 1018 1724 pariter

165 1740 264 1784 efficiatis
286 1741 416 1784 auctoritate
438 1753 547 1794 securum,
569 1739 641 1794 ipsum
661 1743 683 1782 et
697 1741 807 1795 prioratus
828 1740 883 1794 eius⁷
900 1740 923 1781 in
940 1740 1018 1782 restris

164 1812 273 1872 parochiis
286 1813 423 1865 constitutos,
435 1811 541 1853 habentes
555 1810 583 1853 ad
595 1825 684 1865 precum
696 1815 820 1854 nostrarum
832 1812 960 1853 instantiam
972 1825 1018 1866 spe-

165 1884 250 1927 cialiter
269 1884 292 1925 in
307 1883 401 1926 Domino
421 1882 616 1935 commendatum2‘3
639 1886 661 1924 et
680 1883 698 1925 si
719 1883 756 1937 qui
771 1883 878 1938 praedicti
893 1882 1020 1925 monasterii

164 1956 319 2002 monachorum
335 1955 363 1997 ab
380 1954 503 1997 obedientia
519 1957 541 1997 et
556 1953 671 1997 dovotione
687 1954 773 1997 abbatis
793 1955 826 1997 sui
841 1954 965 1997 temeritate
982 1954 1019 1996 ali-

166 2041 209 2083 qua
223 2027 334 2070 resilirent
355 2030 377 2069 et
398 2026 526 2081 disciplinae
545 2025 634 2068 subesse
654 2028 786 2069 monasticae
806 2026 961 2079 detrectarent,
984 2039 1020 2068 eos

166 2099 194 2143 ad
210 2099 329 2141 claustrum
343 2098 415 2141 redire
425 2101 447 2140 et
457 2096 543 2140 abbatis
553 2097 587 2139 sui
597 2097 726 2140 correctioni
735 2111 819 2152 parere,
837 2111 885 2140 cum
901 2096 929 2139 ab
946 2097 1021 2140 ecdem

166 2170 246 2213 abbate
261 2170 361 2224 requisiti
376 2168 468 2223 fueritis,
485 2168 630 2224 appellatione
646 2171 730 2211 remota
742 2183 781 2224 per
793 2182 908 2211 censuram
921 2168 1021 2211 ecclesia-

166 2242 243 2286 sticam
259 2240 401 2295 compellatis.
432 2239 515 2282 Datum
524 2239 607 2282 Romae
625 2239 684 2295 apud
697 2243 796 2282 sanctum
806 2239 897 2283 Petrum
909 2238 957 2282 [ss]
968 2238 1021 2282 ldus

166 2313 226 2367 illaii⁷
242 2311 382 2370 pontificatus
397 2312 467 2354 nostri
483 2326 540 2354 anno
556 2315 640 2366 quarto.

166 2458 224 2504 410.
243 2459 363 2499 coelestianis
378 2458 412 2497 ΙΙΙ
427 2459 528 2497 canicornis
549 2458 650 2508 pictilibus,
673 2458 699 2497 od
716 2458 789 2508 factam
809 2457 829 2497 S.
845 2457 899 2497 Petri
923 2457 1023 2508 pacasium

241 2531 381 2581 arclriepiscopi
401 2530 560 2570 bracmanas
578 2530 602 2569 ia
619 2530 740 2569 rraoraosterio
758 2529 889 2568 Ballio-uallis
909 2529 1023 2567 concinion-

241 2603 293 2642 litas
309 2608 326 2642 et
341 2603 367 2642 od
382 2603 481 2641 ecclesium
496 2602 519 2641 ic
534 2602 578 2641 aias
593 2602 800 2641 conantemorationem
812 2601 964 2639 construendam
979 2600 1023 2639 sarl-

242 2675 295 2714 siolia
306 2674 461 2724 parapectus,
477 2674 547 2723 oipinti
563 2674 604 2712 diac
619 2674 720 2724 iajrcrctoe
732 2671 864 2723 pertinentiae
879 2672 959 2711 relaxat.

263 2755 311 2791 Bibl.
324 2758 362 2791 nat.
375 2754 433 2790 Paris.
447 2753 495 2789 0011.
508 2753 587 2789 Moreau
599 2753 639 2789 870.
659 2753 690 2789 fol.
705 2752 753 2788 libb.
772 2763 830 2788 manu
842 2763 856 2787 s.
869 2761 930 2788 xvm.

94 2861 150 2900 1194
228 2849 349 2894 Celestinus
371 2850 485 2906 episcopus
508 2863 582 2892 seruus
605 2862 716 2891 serrorum
737 2846 792 2890 Deib
816 2848 921 2890 universis
944 2846 1025 2889 Obristi

84 2921 156 2965 Iun-‘2-
169 2922 268 2966 fidelibus
291 2923 319 2965 ad
340 2921 420 2964 festum
443 2921 513 2964 sancti
534 2920 595 2963 Petri
620 2920 730 2975 quondam
755 2918 930 2961 Tarentasiensis
955 2918 1024 2961 archi-

229 3045 356 3085 ”coimperatori
367 3045 428 3076 viderur
441 3043 571 3075 commendatos.
619 3038 628 3060 ¹³
642 3041 736 3074 Celestinus
749 3043 778 3073 etc.
792 3053 805 3073 e.
