<?xml version="1.0" encoding="UTF-8"?>
<!DOCTYPE html PUBLIC "-//W3C//DTD XHTML 1.0 Transitional//EN"
    "http://www.w3.org/TR/xhtml1/DTD/xhtml1-transitional.dtd">
<html xmlns="http://www.w3.org/1999/xhtml" xml:lang="en" lang="en">
 <head>
  <title>
</title>
<meta http-equiv="Content-Type" content="text/html;charset=utf-8" />
  <meta name='ocr-system' content='tesseract 3.04.00' />
  <meta name='ocr-capabilities' content='ocr_page ocr_carea ocr_par ocr_line ocrx_word'/>
</head>
<body>
  <div class='ocr_page' id='page_1' title='image "MN41991ucmf_2_0038.png"; bbox 0 0 2205 3376; ppageno 0'>
   <div class='ocr_carea' id='block_1_1' title="bbox 184 129 768 191">
    <p class='ocr_par' dir='ltr' id='par_1_1' title="bbox 184 129 768 191">
     <span class='ocr_line' id='line_1_1' title="bbox 184 129 768 191; baseline 0.01 -22"><span class='ocrx_word' id='word_1_1' title='bbox 184 129 211 170; x_wconf 78' lang='lat'>14</span> <span class='ocrx_word' id='word_1_2' title='bbox 336 188 337 191; x_wconf 11' lang='grc' dir='ltr'><strong>Ἴ</strong></span> <span class='ocrx_word' id='word_1_3' title='bbox 452 139 540 175; x_wconf 79' lang='lat' dir='ltr'>Pnnneu</span> <span class='ocrx_word' id='word_1_4' title='bbox 552 148 560 174; x_wconf 87' lang='lat'>1</span> <span class='ocrx_word' id='word_1_5' title='bbox 572 148 685 175; x_wconf 78' lang='lat' dir='ltr'>nrrsronnn</span> <span class='ocrx_word' id='word_1_6' title='bbox 697 140 726 175; x_wconf 75' lang='lat'>25.</span> <span class='ocrx_word' id='word_1_7' title='bbox 745 140 768 175; x_wconf 73' lang='grc'>26</span> 
     </span>
    </p>
   </div>
   <div class='ocr_carea' id='block_1_2' title="bbox 66 246 1039 505">
    <p class='ocr_par' dir='ltr' id='par_1_2' title="bbox 66 246 1039 302">
     <span class='ocr_line' id='line_1_2' title="bbox 66 246 1039 302; baseline 0.007 -17"><span class='ocrx_word' id='word_1_8' title='bbox 66 247 168 297; x_wconf 64' lang='lat' dir='ltr'>sessola.</span> <span class='ocrx_word' id='word_1_9' title='bbox 182 248 319 302; x_wconf 73' lang='lat' dir='ltr'>conpetentis</span> <span class='ocrx_word' id='word_1_10' title='bbox 333 247 415 289; x_wconf 78' lang='lat' dir='ltr'>ibidem</span> <span class='ocrx_word' id='word_1_11' title='bbox 431 247 497 289; x_wconf 73' lang='lat' dir='ltr'>(livini</span> <span class='ocrx_word' id='word_1_12' title='bbox 513 247 584 290; x_wconf 90' lang='lat' dir='ltr'>cultus</span> <span class='ocrx_word' id='word_1_13' title='bbox 604 260 644 301; x_wconf 86' lang='lat' dir='ltr'>per</span> <span class='ocrx_word' id='word_1_14' title='bbox 662 246 778 301; x_wconf 87' lang='lat' dir='ltr'>deputatos</span> <span class='ocrx_word' id='word_1_15' title='bbox 795 247 915 290; x_wconf 69' lang='lat' dir='ltr'>cardinales</span> <span class='ocrx_word' id='word_1_16' title='bbox 934 249 1039 292; x_wconf 73' lang='lat' dir='ltr'>aecclesie</span> 
     </span>
    </p>

    <p class='ocr_par' dir='ltr' id='par_1_3' title="bbox 82 307 1039 505">
     <span class='ocr_line' id='line_1_3' title="bbox 82 307 1039 376; baseline 0.001 -14"><span class='ocrx_word' id='word_1_17' title='bbox 82 307 150 345; x_wconf 55' lang='lat'>⁶550·</span> <span class='ocrx_word' id='word_1_18' title='bbox 180 320 313 374; x_wconf 70' lang='lat' dir='ltr'>presbiteros</span> <span class='ocrx_word' id='word_1_19' title='bbox 328 319 451 361; x_wconf 88' lang='lat' dir='ltr'>ministeria</span> <span class='ocrx_word' id='word_1_20' title='bbox 466 319 608 362; x_wconf 70' lang='lat' dir='ltr'>celebrentur.</span> <span class='ocrx_word' id='word_1_21' title='bbox 640 317 670 361; x_wconf 83' lang='lat' dir='ltr'>Et</span> <span class='ocrx_word' id='word_1_22' title='bbox 689 319 708 360; x_wconf 94' lang='lat' dir='ltr'>si</span> <span class='ocrx_word' id='word_1_23' title='bbox 727 319 780 373; x_wconf 91' lang='lat' dir='ltr'>quid</span> <span class='ocrx_word' id='word_1_24' title='bbox 798 323 832 362; x_wconf 87' lang='lat' dir='ltr'>est</span> <span class='ocrx_word' id='word_1_25' title='bbox 849 320 873 361; x_wconf 87' lang='lat' dir='ltr'>in</span> <span class='ocrx_word' id='word_1_26' title='bbox 888 320 979 375; x_wconf 88' lang='lat' dir='ltr'>cespite,</span> <span class='ocrx_word' id='word_1_27' title='bbox 1000 335 1039 376; x_wconf 90' lang='lat' dir='ltr'>per</span> 
     </span>
     <span class='ocr_line' id='line_1_4' title="bbox 182 390 1038 447; baseline 0.002 -14"><span class='ocrx_word' id='word_1_28' title='bbox 182 391 286 434; x_wconf 87' lang='lat' dir='ltr'>aecclesie</span> <span class='ocrx_word' id='word_1_29' title='bbox 293 390 376 433; x_wconf 88' lang='lat' dir='ltr'>Nolane</span> <span class='ocrx_word' id='word_1_30' title='bbox 388 390 494 446; x_wconf 83' lang='lat' dir='ltr'>homines,</span> <span class='ocrx_word' id='word_1_31' title='bbox 507 394 533 433; x_wconf 92' lang='lat' dir='ltr'>ut</span> <span class='ocrx_word' id='word_1_32' title='bbox 546 390 670 444; x_wconf 83' lang='lat' dir='ltr'>diligentius</span> <span class='ocrx_word' id='word_1_33' title='bbox 684 390 762 432; x_wconf 88' lang='lat' dir='ltr'>saltem</span> <span class='ocrx_word' id='word_1_34' title='bbox 774 390 851 434; x_wconf 88' lang='lat' dir='ltr'>fiscum</span> <span class='ocrx_word' id='word_1_35' title='bbox 864 391 946 434; x_wconf 90' lang='lat' dir='ltr'>solvere</span> <span class='ocrx_word' id='word_1_36' title='bbox 959 392 1038 447; x_wconf 88' lang='lat' dir='ltr'>valeat,</span> 
     </span>
     <span class='ocr_line' id='line_1_5' title="bbox 182 458 962 505; baseline 0 0"><span class='ocrx_word' id='word_1_37' title='bbox 182 463 299 505; x_wconf 76' lang='lat' dir='ltr'>excolatur.</span> <span class='ocrx_word' id='word_1_38' title='bbox 960 458 962 461; x_wconf 14' lang='grc' dir='ltr'><em>Α</em></span> 
     </span>
    </p>
   </div>
   <div class='ocr_carea' id='block_1_3' title="bbox 67 583 1046 2145">
    <p class='ocr_par' dir='ltr' id='par_1_4' title="bbox 183 583 1046 848">
     <span class='ocr_line' id='line_1_6' title="bbox 183 583 1046 636; baseline 0.002 -12"><span class='ocrx_word' id='word_1_39' title='bbox 183 585 221 628; x_wconf 84' lang='grc'>25.</span> <span class='ocrx_word' id='word_1_40' title='bbox 243 585 334 635; x_wconf 74' lang='lat' dir='ltr'>Pelopida</span> <span class='ocrx_word' id='word_1_41' title='bbox 349 585 364 624; x_wconf 80' lang='grc' dir='ltr'><em>Ι</em></span> <span class='ocrx_word' id='word_1_42' title='bbox 379 585 467 624; x_wconf 66' lang='lat' dir='ltr'>turiano</span> <span class='ocrx_word' id='word_1_43' title='bbox 484 585 571 636; x_wconf 78' lang='lat' dir='ltr'>qriseopo</span> <span class='ocrx_word' id='word_1_44' title='bbox 586 584 716 635; x_wconf 74' lang='lat' dir='ltr'>Neapolitano</span> <span class='ocrx_word' id='word_1_45' title='bbox 734 585 821 634; x_wconf 76' lang='lat' dir='ltr'>irrorrdct,</span> <span class='ocrx_word' id='word_1_46' title='bbox 837 586 909 625; x_wconf 81' lang='lat' dir='ltr'>iudicet</span> <span class='ocrx_word' id='word_1_47' title='bbox 923 587 975 626; x_wconf 75' lang='lat' dir='ltr'>irater</span> <span class='ocrx_word' id='word_1_48' title='bbox 994 583 1046 626; x_wconf 70' lang='lat' dir='ltr'>teu-&#39;</span> 
     </span>
     <span class='ocr_line' id='line_1_7' title="bbox 243 657 1039 705; baseline 0.003 -9"><span class='ocrx_word' id='word_1_49' title='bbox 243 661 356 696; x_wconf 75' lang='lat' dir='ltr'>tuvvreuseru</span> <span class='ocrx_word' id='word_1_50' title='bbox 372 660 389 696; x_wconf 85' lang='lat' dir='ltr'>ct</span> <span class='ocrx_word' id='word_1_51' title='bbox 404 657 520 696; x_wconf 80' lang='lat' dir='ltr'>Purieusem</span> <span class='ocrx_word' id='word_1_52' title='bbox 536 657 627 696; x_wconf 75' lang='lat' dir='ltr'>ecclesius.</span> <span class='ocrx_word' id='word_1_53' title='bbox 659 657 817 705; x_wconf 75' lang='lat' dir='ltr'>Corcstuutiuuvu,</span> <span class='ocrx_word' id='word_1_54' title='bbox 834 658 920 697; x_wconf 77' lang='lat' dir='ltr'>ecclesiae</span> <span class='ocrx_word' id='word_1_55' title='bbox 935 659 992 697; x_wconf 80' lang='lat' dir='ltr'>Rom.</span> <span class='ocrx_word' id='word_1_56' title='bbox 1008 659 1039 698; x_wconf 82' lang='lat' dir='ltr'>de-</span> 
     </span>
     <span class='ocr_line' id='line_1_8' title="bbox 242 724 738 778; baseline 0 -12"><span class='ocrx_word' id='word_1_57' title='bbox 242 729 346 778; x_wconf 80' lang='lat' dir='ltr'>fensorem,</span> <span class='ocrx_word' id='word_1_58' title='bbox 362 732 436 767; x_wconf 82' lang='lat' dir='ltr'>statuto</span> <span class='ocrx_word' id='word_1_59' title='bbox 451 732 578 767; x_wconf 68' lang='lat' dir='ltr'>executurum</span> <span class='ocrx_word' id='word_1_60' title='bbox 594 740 640 776; x_wconf 77' lang='lat' dir='ltr'>esse,</span> <span class='ocrx_word' id='word_1_61' title='bbox 656 724 738 767; x_wconf 78' lang='lat' dir='ltr'>scribit.1</span> 
     </span>
     <span class='ocr_line' id='line_1_9' title="bbox 242 800 991 848; baseline 0.001 -10"><span class='ocrx_word' id='word_1_62' title='bbox 242 802 288 838; x_wconf 76' lang='lat' dir='ltr'>eon.</span> <span class='ocrx_word' id='word_1_63' title='bbox 301 801 348 837; x_wconf 88' lang='lat' dir='ltr'>Brit.</span> <span class='ocrx_word' id='word_1_64' title='bbox 361 801 400 837; x_wconf 87' lang='lat' dir='ltr'>Pel.</span> <span class='ocrx_word' id='word_1_65' title='bbox 413 813 442 848; x_wconf 90' lang='lat' dir='ltr'>ep.</span> <span class='ocrx_word' id='word_1_66' title='bbox 455 803 473 846; x_wconf 78' lang='grc'>9,</span> <span class='ocrx_word' id='word_1_67' title='bbox 485 802 505 837; x_wconf 86' lang='lat' dir='ltr'>in</span> <span class='ocrx_word' id='word_1_68' title='bbox 517 801 557 838; x_wconf 86' lang='lat' dir='ltr'>cod.</span> <span class='ocrx_word' id='word_1_69' title='bbox 570 802 618 837; x_wconf 85' lang='lat' dir='ltr'>Mus.</span> <span class='ocrx_word' id='word_1_70' title='bbox 632 802 677 838; x_wconf 90' lang='lat' dir='ltr'>Brit.</span> <span class='ocrx_word' id='word_1_71' title='bbox 690 800 739 837; x_wconf 89' lang='lat' dir='ltr'>Add.</span> <span class='ocrx_word' id='word_1_72' title='bbox 753 801 800 837; x_wconf 78' lang='lat'>8873</span> <span class='ocrx_word' id='word_1_73' title='bbox 813 814 829 838; x_wconf 84' lang='lat' dir='ltr'>s.</span> <span class='ocrx_word' id='word_1_74' title='bbox 840 811 873 838; x_wconf 79' lang='grc' dir='ltr'>ΧΠ</span> <span class='ocrx_word' id='word_1_75' title='bbox 884 803 910 838; x_wconf 92' lang='lat' dir='ltr'>in.</span> <span class='ocrx_word' id='word_1_76' title='bbox 923 803 955 839; x_wconf 83' lang='lat' dir='ltr'>tol.</span> <span class='ocrx_word' id='word_1_77' title='bbox 963 804 991 839; x_wconf 78' lang='grc'>25.</span> 
     </span>
    </p>

    <p class='ocr_par' dir='ltr' id='par_1_5' title="bbox 67 873 1039 930">
     <span class='ocr_line' id='line_1_10' title="bbox 67 873 1039 930; baseline 0.002 -14"><span class='ocrx_word' id='word_1_78' title='bbox 67 878 169 928; x_wconf 68' lang='lat' dir='ltr'>ibssdept.</span> <span class='ocrx_word' id='word_1_79' title='bbox 241 873 355 916; x_wconf 78' lang='lat' dir='ltr'>Viventioa</span> <span class='ocrx_word' id='word_1_80' title='bbox 376 873 521 928; x_wconf 87' lang='lat' dir='ltr'>Neapolitano</span> <span class='ocrx_word' id='word_1_81' title='bbox 544 875 651 929; x_wconf 90' lang='lat' dir='ltr'>episcopo.</span> <span class='ocrx_word' id='word_1_82' title='bbox 682 874 771 917; x_wconf 82' lang='lat' dir='ltr'>Dudum</span> <span class='ocrx_word' id='word_1_83' title='bbox 793 874 881 928; x_wconf 89' lang='lat' dir='ltr'>quidem</span> <span class='ocrx_word' id='word_1_84' title='bbox 902 876 925 917; x_wconf 90' lang='lat' dir='ltr'>in</span> <span class='ocrx_word' id='word_1_85' title='bbox 945 876 1039 930; x_wconf 82' lang='lat' dir='ltr'>negotio,</span> 
     </span>
    </p>

    <p class='ocr_par' dir='ltr' id='par_1_6' title="bbox 83 938 1043 2145">
     <span class='ocr_line' id='line_1_11' title="bbox 83 938 1040 1001; baseline 0.001 -13"><span class='ocrx_word' id='word_1_86' title='bbox 83 938 151 976; x_wconf 79' lang='lat' dir='ltr'>-5cu</span> <span class='ocrx_word' id='word_1_87' title='bbox 183 946 240 1001; x_wconf 92' lang='lat' dir='ltr'>quod</span> <span class='ocrx_word' id='word_1_88' title='bbox 249 946 272 987; x_wconf 89' lang='lat' dir='ltr'>in</span> <span class='ocrx_word' id='word_1_89' title='bbox 281 944 449 987; x_wconf 83' lang='lat' dir='ltr'>Vulturninamb</span> <span class='ocrx_word' id='word_1_90' title='bbox 465 949 531 1000; x_wconf 90' lang='lat' dir='ltr'>atque</span> <span class='ocrx_word' id='word_1_91' title='bbox 540 945 668 988; x_wconf 85' lang='lat' dir='ltr'>Pariensem</span> <span class='ocrx_word' id='word_1_92' title='bbox 681 946 794 989; x_wconf 89' lang='lat' dir='ltr'>ecclesiam</span> <span class='ocrx_word' id='word_1_93' title='bbox 805 945 937 1001; x_wconf 74' lang='lat' dir='ltr'>vertebatur,</span> <span class='ocrx_word' id='word_1_94' title='bbox 952 947 1040 989; x_wconf 88' lang='lat' dir='ltr'>audien-</span> 
     </span>
     <span class='ocr_line' id='line_1_12' title="bbox 181 1016 1040 1073; baseline 0.002 -14"><span class='ocrx_word' id='word_1_95' title='bbox 181 1019 236 1059; x_wconf 90' lang='lat' dir='ltr'>tiam</span> <span class='ocrx_word' id='word_1_96' title='bbox 251 1031 290 1059; x_wconf 89' lang='lat' dir='ltr'>nos</span> <span class='ocrx_word' id='word_1_97' title='bbox 306 1016 423 1072; x_wconf 88' lang='lat' dir='ltr'>deputasse</span> <span class='ocrx_word' id='word_1_98' title='bbox 444 1017 570 1069; x_wconf 86' lang='lat' dir='ltr'>recolimus;</span> <span class='ocrx_word' id='word_1_99' title='bbox 593 1017 631 1071; x_wconf 92' lang='lat' dir='ltr'>qui</span> <span class='ocrx_word' id='word_1_100' title='bbox 653 1031 680 1059; x_wconf 78' lang='lat' dir='ltr'>en</span> <span class='ocrx_word' id='word_1_101' title='bbox 700 1018 846 1072; x_wconf 79' lang='lat' dir='ltr'>preceptionis</span> <span class='ocrx_word' id='word_1_102' title='bbox 867 1021 942 1060; x_wconf 88' lang='lat' dir='ltr'>nostre</span> <span class='ocrx_word' id='word_1_103' title='bbox 960 1019 1040 1073; x_wconf 86' lang='lat' dir='ltr'>pagina</span> 
     </span>
     <span class='ocr_line' id='line_1_13' title="bbox 181 1089 1040 1145; baseline 0.001 -14"><span class='ocrx_word' id='word_1_104' title='bbox 181 1089 302 1131; x_wconf 79' lang='lat' dir='ltr'>residentes</span> <span class='ocrx_word' id='word_1_105' title='bbox 318 1090 425 1145; x_wconf 88' lang='lat' dir='ltr'>universa</span> <span class='ocrx_word' id='word_1_106' title='bbox 435 1089 458 1130; x_wconf 89' lang='lat' dir='ltr'>in</span> <span class='ocrx_word' id='word_1_107' title='bbox 474 1089 610 1143; x_wconf 86' lang='lat' dir='ltr'>questionem</span> <span class='ocrx_word' id='word_1_108' title='bbox 625 1089 735 1132; x_wconf 88' lang='lat' dir='ltr'>venientia</span> <span class='ocrx_word' id='word_1_109' title='bbox 748 1092 900 1143; x_wconf 76' lang='lat' dir='ltr'>cognoverunt,</span> <span class='ocrx_word' id='word_1_110' title='bbox 917 1093 939 1131; x_wconf 87' lang='lat' dir='ltr'>et</span> <span class='ocrx_word' id='word_1_111' title='bbox 954 1093 1040 1132; x_wconf 88' lang='lat' dir='ltr'>tantum</span> 
     </span>
     <span class='ocr_line' id='line_1_14' title="bbox 182 1159 1040 1216; baseline 0 -13"><span class='ocrx_word' id='word_1_112' title='bbox 182 1175 224 1215; x_wconf 89' lang='lat' dir='ltr'>que</span> <span class='ocrx_word' id='word_1_113' title='bbox 239 1161 287 1203; x_wconf 89' lang='lat' dir='ltr'>visa</span> <span class='ocrx_word' id='word_1_114' title='bbox 303 1164 354 1203; x_wconf 89' lang='lat' dir='ltr'>sunt</span> <span class='ocrx_word' id='word_1_115' title='bbox 368 1160 445 1203; x_wconf 73' lang='lat' dir='ltr'>verboc</span> <span class='ocrx_word' id='word_1_116' title='bbox 464 1159 568 1213; x_wconf 76' lang='lat' dir='ltr'>diffinire,</span> <span class='ocrx_word' id='word_1_117' title='bbox 590 1175 634 1203; x_wconf 91' lang='lat' dir='ltr'>nou</span> <span class='ocrx_word' id='word_1_118' title='bbox 656 1161 722 1203; x_wconf 91' lang='lat' dir='ltr'>etiam</span> <span class='ocrx_word' id='word_1_119' title='bbox 741 1174 768 1203; x_wconf 77' lang='lat' dir='ltr'>ex</span> <span class='ocrx_word' id='word_1_120' title='bbox 786 1161 866 1216; x_wconf 87' lang='lat' dir='ltr'>scripto</span> <span class='ocrx_word' id='word_1_121' title='bbox 885 1160 972 1216; x_wconf 88' lang='lat' dir='ltr'>prolata</span> <span class='ocrx_word' id='word_1_122' title='bbox 992 1176 1040 1203; x_wconf 94' lang='lat' dir='ltr'>sen-</span> 
     </span>
     <span class='ocr_line' id='line_1_15' title="bbox 182 1231 1041 1286; baseline 0 -11"><span class='ocrx_word' id='word_1_123' title='bbox 182 1233 252 1275; x_wconf 85' lang='lat' dir='ltr'>tentia</span> <span class='ocrx_word' id='word_1_124' title='bbox 264 1235 404 1284; x_wconf 74' lang='lat' dir='ltr'>curaverrmt3</span> <span class='ocrx_word' id='word_1_125' title='bbox 422 1246 463 1286; x_wconf 91' lang='lat' dir='ltr'>que</span> <span class='ocrx_word' id='word_1_126' title='bbox 476 1245 511 1274; x_wconf 92' lang='lat' dir='ltr'>res</span> <span class='ocrx_word' id='word_1_127' title='bbox 523 1231 619 1274; x_wconf 88' lang='lat' dir='ltr'>recidiva</span> <span class='ocrx_word' id='word_1_128' title='bbox 632 1233 709 1286; x_wconf 81' lang='lat' dir='ltr'>coegit,</span> <span class='ocrx_word' id='word_1_129' title='bbox 726 1246 753 1274; x_wconf 78' lang='lat' dir='ltr'>ex</span> <span class='ocrx_word' id='word_1_130' title='bbox 766 1232 841 1274; x_wconf 90' lang='lat' dir='ltr'>eadem</span> <span class='ocrx_word' id='word_1_131' title='bbox 857 1246 923 1274; x_wconf 91' lang='lat' dir='ltr'>causa</span> <span class='ocrx_word' id='word_1_132' title='bbox 939 1233 1041 1275; x_wconf 83' lang='lat' dir='ltr'>suscitari</span> 
     </span>
     <span class='ocr_line' id='line_1_16' title="bbox 181 1302 1041 1359; baseline -0.001 -13"><span class='ocrx_word' id='word_1_133' title='bbox 181 1304 258 1359; x_wconf 80' lang='lat' dir='ltr'>litigia,</span> <span class='ocrx_word' id='word_1_134' title='bbox 271 1304 297 1346; x_wconf 66' lang='lat' dir='ltr'>&#39;et</span> <span class='ocrx_word' id='word_1_135' title='bbox 315 1303 398 1345; x_wconf 89' lang='lat' dir='ltr'>nullam</span> <span class='ocrx_word' id='word_1_136' title='bbox 413 1302 519 1345; x_wconf 87' lang='lat' dir='ltr'>hactenus</span> <span class='ocrx_word' id='word_1_137' title='bbox 539 1302 605 1345; x_wconf 88' lang='lat' dir='ltr'>rebus</span> <span class='ocrx_word' id='word_1_138' title='bbox 628 1302 717 1345; x_wconf 79' lang='lat' dir='ltr'>dilinitis</span> <span class='ocrx_word' id='word_1_139' title='bbox 740 1303 886 1346; x_wconf 87' lang='lat' dir='ltr'>obedientiam</span> <span class='ocrx_word' id='word_1_140' title='bbox 908 1304 1041 1347; x_wconf 88' lang='lat' dir='ltr'>commodari</span> 
     </span>
     <span class='ocr_line' id='line_1_17' title="bbox 182 1373 1041 1435; baseline -0.001 -17"><span class='ocrx_word' id='word_1_141' title='bbox 182 1375 288 1430; x_wconf 87' lang='lat' dir='ltr'>permisit.</span> <span class='ocrx_word' id='word_1_142' title='bbox 309 1374 403 1430; x_wconf 88' lang='lat' dir='ltr'>Propter</span> <span class='ocrx_word' id='word_1_143' title='bbox 419 1374 483 1429; x_wconf 69' lang='lat' dir='ltr'>(prod,</span> <span class='ocrx_word' id='word_1_144' title='bbox 496 1374 576 1435; x_wconf 86' lang='lat' dir='ltr'>denuo</span> <span class='ocrx_word' id='word_1_145' title='bbox 592 1373 632 1416; x_wconf 88' lang='lat' dir='ltr'>filii</span> <span class='ocrx_word' id='word_1_146' title='bbox 647 1375 717 1418; x_wconf 85' lang='lat' dir='ltr'>nostri</span> <span class='ocrx_word' id='word_1_147' title='bbox 732 1374 821 1429; x_wconf 80' lang='lat' dir='ltr'>gloriosi</span> <span class='ocrx_word' id='word_1_148' title='bbox 835 1375 876 1417; x_wconf 90' lang='lat' dir='ltr'>viri</span> <span class='ocrx_word' id='word_1_149' title='bbox 888 1375 976 1430; x_wconf 88' lang='lat' dir='ltr'>patricii</span> <span class='ocrx_word' id='word_1_150' title='bbox 987 1375 1041 1417; x_wconf 88' lang='lat' dir='ltr'>Dul-</span> 
     </span>
     <span class='ocr_line' id='line_1_18' title="bbox 183 1446 1041 1501; baseline 0.001 -13"><span class='ocrx_word' id='word_1_151' title='bbox 183 1447 230 1489; x_wconf 91' lang='lat' dir='ltr'>citii</span> <span class='ocrx_word' id='word_1_152' title='bbox 245 1446 333 1488; x_wconf 91' lang='lat' dir='ltr'>directis</span> <span class='ocrx_word' id='word_1_153' title='bbox 350 1446 454 1501; x_wconf 80' lang='lat' dir='ltr'>apicibus,</span> <span class='ocrx_word' id='word_1_154' title='bbox 472 1450 497 1488; x_wconf 90' lang='lat' dir='ltr'>ut</span> <span class='ocrx_word' id='word_1_155' title='bbox 512 1446 601 1488; x_wconf 86' lang='lat' dir='ltr'>tandem</span> <span class='ocrx_word' id='word_1_156' title='bbox 618 1446 735 1501; x_wconf 86' lang='lat' dir='ltr'>aliquando</span> <span class='ocrx_word' id='word_1_157' title='bbox 755 1446 855 1488; x_wconf 85' lang='lat' dir='ltr'>diuturne</span> <span class='ocrx_word' id='word_1_158' title='bbox 874 1446 975 1501; x_wconf 82' lang='lat' dir='ltr'>querelae</span> <span class='ocrx_word' id='word_1_159' title='bbox 992 1461 1041 1489; x_wconf 90' lang='lat' dir='ltr'>con-</span> 
     </span>
     <span class='ocr_line' id='line_1_19' title="bbox 182 1517 1042 1573; baseline 0 -13"><span class='ocrx_word' id='word_1_160' title='bbox 182 1518 239 1561; x_wconf 79' lang='lat' dir='ltr'>fusio</span> <span class='ocrx_word' id='word_1_161' title='bbox 255 1518 328 1560; x_wconf 91' lang='lat' dir='ltr'>valeat</span> <span class='ocrx_word' id='word_1_162' title='bbox 344 1519 463 1573; x_wconf 87' lang='lat' dir='ltr'>amputari,</span> <span class='ocrx_word' id='word_1_163' title='bbox 483 1517 641 1560; x_wconf 91' lang='lat' dir='ltr'>decernendum</span> <span class='ocrx_word' id='word_1_164' title='bbox 659 1532 735 1560; x_wconf 86' lang='lat' dir='ltr'>rursus</span> <span class='ocrx_word' id='word_1_165' title='bbox 754 1518 858 1560; x_wconf 88' lang='lat' dir='ltr'>iudicium</span> <span class='ocrx_word' id='word_1_166' title='bbox 872 1518 953 1572; x_wconf 80' lang='lat' dir='ltr'>legitur</span> <span class='ocrx_word' id='word_1_167' title='bbox 964 1522 1042 1573; x_wconf 87' lang='lat' dir='ltr'>postu-</span> 
     </span>
     <span class='ocr_line' id='line_1_20' title="bbox 183 1589 1042 1645; baseline 0 -14"><span class='ocrx_word' id='word_1_168' title='bbox 183 1590 259 1632; x_wconf 89' lang='lat' dir='ltr'>latum.</span> <span class='ocrx_word' id='word_1_169' title='bbox 290 1590 321 1632; x_wconf 80' lang='lat' dir='ltr'>Et</span> <span class='ocrx_word' id='word_1_170' title='bbox 335 1590 384 1632; x_wconf 91' lang='lat' dir='ltr'>ideo</span> <span class='ocrx_word' id='word_1_171' title='bbox 399 1590 534 1645; x_wconf 87' lang='lat' dir='ltr'>presentium</span> <span class='ocrx_word' id='word_1_172' title='bbox 550 1589 686 1631; x_wconf 87' lang='lat' dir='ltr'>decretorum</span> <span class='ocrx_word' id='word_1_173' title='bbox 701 1592 776 1632; x_wconf 89' lang='lat' dir='ltr'>tenore</span> <span class='ocrx_word' id='word_1_174' title='bbox 792 1590 880 1631; x_wconf 87' lang='lat' dir='ltr'>caritati</span> <span class='ocrx_word' id='word_1_175' title='bbox 894 1593 966 1631; x_wconf 91' lang='lat' dir='ltr'>vestre</span> <span class='ocrx_word' id='word_1_176' title='bbox 982 1604 1042 1631; x_wconf 90' lang='lat' dir='ltr'>man-</span> 
     </span>
     <span class='ocr_line' id='line_1_21' title="bbox 185 1654 1043 1716; baseline 0 -13"><span class='ocrx_word' id='word_1_177' title='bbox 185 1654 271 1715; x_wconf 78' lang='lat' dir='ltr'>damus,</span> <span class='ocrx_word' id='word_1_178' title='bbox 293 1664 319 1703; x_wconf 94' lang='lat' dir='ltr'>ut</span> <span class='ocrx_word' id='word_1_179' title='bbox 335 1665 453 1716; x_wconf 79' lang='lat' dir='ltr'>exequente</span> <span class='ocrx_word' id='word_1_180' title='bbox 470 1660 623 1715; x_wconf 78' lang='lat' dir='ltr'>Constantino,</span> <span class='ocrx_word' id='word_1_181' title='bbox 646 1660 703 1703; x_wconf 84' lang='lat' dir='ltr'>sedis</span> <span class='ocrx_word' id='word_1_182' title='bbox 723 1664 797 1704; x_wconf 85' lang='lat' dir='ltr'>nostre</span> <span class='ocrx_word' id='word_1_183' title='bbox 816 1660 938 1715; x_wconf 75' lang='lat' dir='ltr'>defensore,</span> <span class='ocrx_word' id='word_1_184' title='bbox 961 1661 1043 1703; x_wconf 89' lang='lat' dir='ltr'>clerum</span> 
     </span>
     <span class='ocr_line' id='line_1_22' title="bbox 185 1731 1043 1775; baseline -0.001 0"><span class='ocrx_word' id='word_1_185' title='bbox 185 1733 218 1775; x_wconf 86' lang='lat' dir='ltr'>vel</span> <span class='ocrx_word' id='word_1_186' title='bbox 240 1734 297 1775; x_wconf 89' lang='lat' dir='ltr'>cives</span> <span class='ocrx_word' id='word_1_187' title='bbox 319 1733 424 1775; x_wconf 87' lang='lat' dir='ltr'>aecclesie</span> <span class='ocrx_word' id='word_1_188' title='bbox 440 1732 551 1775; x_wconf 88' lang='lat' dir='ltr'>Pariensis</span> <span class='ocrx_word' id='word_1_189' title='bbox 574 1735 623 1774; x_wconf 89' lang='lat' dir='ltr'>cte</span> <span class='ocrx_word' id='word_1_190' title='bbox 645 1732 729 1775; x_wconf 88' lang='lat' dir='ltr'>diverso</span> <span class='ocrx_word' id='word_1_191' title='bbox 752 1732 842 1775; x_wconf 87' lang='lat' dir='ltr'>ecclesie</span> <span class='ocrx_word' id='word_1_192' title='bbox 858 1731 989 1775; x_wconf 82' lang='lat' dir='ltr'>Vulturnine</span> <span class='ocrx_word' id='word_1_193' title='bbox 1009 1733 1043 1775; x_wconf 89' lang='lat' dir='ltr'>vel</span> 
     </span>
     <span class='ocr_line' id='line_1_23' title="bbox 184 1803 1042 1858; baseline 0 -12"><span class='ocrx_word' id='word_1_194' title='bbox 184 1805 226 1846; x_wconf 88' lang='lat' dir='ltr'>vici</span> <span class='ocrx_word' id='word_1_195' title='bbox 235 1804 386 1847; x_wconf 78' lang='lat' dir='ltr'>Feniculensis</span> <span class='ocrx_word' id='word_1_196' title='bbox 400 1804 428 1845; x_wconf 90' lang='lat' dir='ltr'>ad</span> <span class='ocrx_word' id='word_1_197' title='bbox 440 1808 537 1846; x_wconf 88' lang='lat' dir='ltr'>vestrum</span> <span class='ocrx_word' id='word_1_198' title='bbox 552 1803 638 1846; x_wconf 80' lang='lat' dir='ltr'>faciatis</span> <span class='ocrx_word' id='word_1_199' title='bbox 652 1804 766 1846; x_wconf 88' lang='lat' dir='ltr'>convenire</span> <span class='ocrx_word' id='word_1_200' title='bbox 781 1804 891 1858; x_wconf 82' lang='lat' dir='ltr'>iudicium,</span> <span class='ocrx_word' id='word_1_201' title='bbox 909 1808 930 1845; x_wconf 90' lang='lat' dir='ltr'>et</span> <span class='ocrx_word' id='word_1_202' title='bbox 944 1804 1042 1858; x_wconf 78' lang='lat' dir='ltr'>cognitis,</span> 
     </span>
     <span class='ocr_line' id='line_1_24' title="bbox 185 1875 1043 1931; baseline -0.001 -13"><span class='ocrx_word' id='word_1_203' title='bbox 185 1890 227 1931; x_wconf 92' lang='lat' dir='ltr'>que</span> <span class='ocrx_word' id='word_1_204' title='bbox 244 1876 353 1931; x_wconf 87' lang='lat' dir='ltr'>deputatis</span> <span class='ocrx_word' id='word_1_205' title='bbox 369 1876 454 1931; x_wconf 88' lang='lat' dir='ltr'>pridem</span> <span class='ocrx_word' id='word_1_206' title='bbox 470 1875 579 1917; x_wconf 85' lang='lat' dir='ltr'>iudicibus</span> <span class='ocrx_word' id='word_1_207' title='bbox 594 1876 652 1917; x_wconf 90' lang='lat' dir='ltr'>inter</span> <span class='ocrx_word' id='word_1_208' title='bbox 668 1888 704 1917; x_wconf 90' lang='lat' dir='ltr'>eos</span> <span class='ocrx_word' id='word_1_209' title='bbox 721 1878 804 1917; x_wconf 90' lang='lat' dir='ltr'>statuta</span> <span class='ocrx_word' id='word_1_210' title='bbox 823 1876 895 1929; x_wconf 77' lang='lat' dir='ltr'>sunt,d</span> <span class='ocrx_word' id='word_1_211' title='bbox 913 1875 1043 1918; x_wconf 88' lang='lat' dir='ltr'>servandum</span> 
     </span>
     <span class='ocr_line' id='line_1_25' title="bbox 185 1946 1043 2002; baseline -0.002 -11"><span class='ocrx_word' id='word_1_212' title='bbox 185 1947 283 1991; x_wconf 78' lang='lat' dir='ltr'>formetis</span> <span class='ocrx_word' id='word_1_213' title='bbox 300 1949 423 2002; x_wconf 79' lang='lat' dir='ltr'>exscripto</span> <span class='ocrx_word' id='word_1_214' title='bbox 443 1949 573 1990; x_wconf 86' lang='lat' dir='ltr'>sententiam</span> <span class='ocrx_word' id='word_1_215' title='bbox 592 1950 614 1989; x_wconf 90' lang='lat' dir='ltr'>et</span> <span class='ocrx_word' id='word_1_216' title='bbox 633 1961 706 1989; x_wconf 89' lang='lat' dir='ltr'>coram</span> <span class='ocrx_word' id='word_1_217' title='bbox 724 1947 824 2002; x_wconf 84' lang='lat' dir='ltr'>patribus</span> <span class='ocrx_word' id='word_1_218' title='bbox 840 1946 966 2001; x_wconf 83' lang='lat' dir='ltr'>proferatis,</span> <span class='ocrx_word' id='word_1_219' title='bbox 983 1951 1043 1989; x_wconf 78' lang='lat' dir='ltr'>arite-</span> 
     </span>
     <span class='ocr_line' id='line_1_26' title="bbox 186 2018 1043 2073; baseline 0 -12"><span class='ocrx_word' id='word_1_220' title='bbox 186 2019 244 2063; x_wconf 90' lang='lat' dir='ltr'>dicto</span> <span class='ocrx_word' id='word_1_221' title='bbox 260 2019 318 2061; x_wconf 89' lang='lat' dir='ltr'>sedis</span> <span class='ocrx_word' id='word_1_222' title='bbox 333 2023 407 2062; x_wconf 91' lang='lat' dir='ltr'>nostre</span> <span class='ocrx_word' id='word_1_223' title='bbox 424 2018 537 2062; x_wconf 75' lang='lat' dir='ltr'>defensore</span> <span class='ocrx_word' id='word_1_224' title='bbox 552 2018 622 2061; x_wconf 83' lang='lat' dir='ltr'>modis</span> <span class='ocrx_word' id='word_1_225' title='bbox 635 2018 735 2061; x_wconf 88' lang='lat' dir='ltr'>omnibus</span> <span class='ocrx_word' id='word_1_226' title='bbox 755 2022 880 2073; x_wconf 81' lang='lat' dir='ltr'>exequente,</span> <span class='ocrx_word' id='word_1_227' title='bbox 902 2022 926 2060; x_wconf 92' lang='lat' dir='ltr'>ut</span> <span class='ocrx_word' id='word_1_228' title='bbox 942 2033 984 2073; x_wconf 88' lang='lat' dir='ltr'>que</span> <span class='ocrx_word' id='word_1_229' title='bbox 1000 2023 1043 2061; x_wconf 88' lang='lat' dir='ltr'>sta-</span> 
     </span>
     <span class='ocr_line' id='line_1_27' title="bbox 186 2090 605 2145; baseline -0.005 -11"><span class='ocrx_word' id='word_1_230' title='bbox 186 2095 234 2134; x_wconf 85' lang='lat' dir='ltr'>tuta</span> <span class='ocrx_word' id='word_1_231' title='bbox 249 2090 330 2133; x_wconf 78' lang='lat' dir='ltr'>fuerint</span> <span class='ocrx_word' id='word_1_232' title='bbox 346 2090 432 2133; x_wconf 84' lang='lat' dir='ltr'>effectui</span> <span class='ocrx_word' id='word_1_233' title='bbox 447 2091 605 2145; x_wconf 86' lang='lat' dir='ltr'>mancipentur.</span> 
     </span>
    </p>
   </div>
   <div class='ocr_carea' id='block_1_4' title="bbox 187 2248 1045 2299">
    <p class='ocr_par' dir='ltr' id='par_1_7' title="bbox 187 2248 1045 2299">
     <span class='ocr_line' id='line_1_28' title="bbox 187 2248 1045 2299; baseline -0.001 -11"><span class='ocrx_word' id='word_1_234' title='bbox 187 2250 227 2292; x_wconf 82' lang='lat'>26.</span> <span class='ocrx_word' id='word_1_235' title='bbox 246 2249 338 2299; x_wconf 72' lang='lat' dir='ltr'>Pelopiae</span> <span class='ocrx_word' id='word_1_236' title='bbox 353 2249 367 2288; x_wconf 85' lang='grc' dir='ltr'><em>Ι</em></span> <span class='ocrx_word' id='word_1_237' title='bbox 382 2249 445 2299; x_wconf 77' lang='lat' dir='ltr'>Oetepo</span> <span class='ocrx_word' id='word_1_238' title='bbox 461 2250 548 2288; x_wconf 79' lang='lat' dir='ltr'>Patricio</span> <span class='ocrx_word' id='word_1_239' title='bbox 567 2249 589 2287; x_wconf 83' lang='lat' dir='ltr'>de</span> <span class='ocrx_word' id='word_1_240' title='bbox 607 2248 730 2287; x_wconf 76' lang='lat' dir='ltr'>ordinatique</span> <span class='ocrx_word' id='word_1_241' title='bbox 748 2249 833 2299; x_wconf 79' lang='lat' dir='ltr'>episcopi</span> <span class='ocrx_word' id='word_1_242' title='bbox 850 2248 968 2288; x_wconf 78' lang='lat' dir='ltr'>Sirricusuoi</span> <span class='ocrx_word' id='word_1_243' title='bbox 984 2248 1045 2287; x_wconf 75' lang='lat' dir='ltr'>dilecte</span> 
     </span>
    </p>
   </div>
   <div class='ocr_carea' id='block_1_5' title="bbox 243 2320 1046 2517">
    <p class='ocr_par' dir='ltr' id='par_1_8' title="bbox 243 2320 1046 2517">
     <span class='ocr_line' id='line_1_29' title="bbox 246 2320 1046 2372; baseline -0.001 -12"><span class='ocrx_word' id='word_1_244' title='bbox 246 2334 269 2360; x_wconf 79' lang='lat' dir='ltr'>ccc</span> <span class='ocrx_word' id='word_1_245' title='bbox 284 2322 306 2360; x_wconf 82' lang='lat' dir='ltr'>rte</span> <span class='ocrx_word' id='word_1_246' title='bbox 321 2321 407 2372; x_wconf 69' lang='lat' dir='ltr'>episcopo</span> <span class='ocrx_word' id='word_1_247' title='bbox 426 2321 540 2361; x_wconf 81' lang='lat' dir='ltr'>Ccturrieusi</span> <span class='ocrx_word' id='word_1_248' title='bbox 555 2320 627 2359; x_wconf 82' lang='lat' dir='ltr'>scribit.</span> <span class='ocrx_word' id='word_1_249' title='bbox 652 2320 760 2359; x_wconf 76' lang='lat' dir='ltr'>lbetruum</span> <span class='ocrx_word' id='word_1_250' title='bbox 775 2333 801 2368; x_wconf 82' lang='lat' dir='ltr'>sc,</span> <span class='ocrx_word' id='word_1_251' title='bbox 817 2324 840 2359; x_wconf 86' lang='lat' dir='ltr'>ut</span> <span class='ocrx_word' id='word_1_252' title='bbox 853 2321 989 2360; x_wconf 76' lang='lat' dir='ltr'>Sirccrrscuus</span> <span class='ocrx_word' id='word_1_253' title='bbox 1003 2333 1046 2359; x_wconf 78' lang='lat' dir='ltr'>riou</span> 
     </span>
     <span class='ocr_line' id='line_1_30' title="bbox 243 2391 881 2443; baseline 0 -13"><span class='ocrx_word' id='word_1_254' title='bbox 243 2393 291 2443; x_wconf 80' lang='lat' dir='ltr'>ptus</span> <span class='ocrx_word' id='word_1_255' title='bbox 307 2405 367 2443; x_wconf 76' lang='lat' dir='ltr'>qcrcru</span> <span class='ocrx_word' id='word_1_256' title='bbox 383 2393 439 2431; x_wconf 77' lang='lat' dir='ltr'>birros</span> <span class='ocrx_word' id='word_1_257' title='bbox 455 2393 527 2431; x_wconf 77' lang='lat' dir='ltr'>solidos</span> <span class='ocrx_word' id='word_1_258' title='bbox 543 2391 650 2430; x_wconf 62' lang='lat' dir='ltr'>cariciacum</span> <span class='ocrx_word' id='word_1_259' title='bbox 665 2404 678 2429; x_wconf 83' lang='lat' dir='ltr'>o</span> <span class='ocrx_word' id='word_1_260' title='bbox 689 2392 787 2441; x_wconf 64' lang='lat' dir='ltr'>proi-oecis</span> <span class='ocrx_word' id='word_1_261' title='bbox 802 2392 881 2442; x_wconf 57' lang='lat' dir='ltr'>eripui?</span> 
     </span>
     <span class='ocr_line' id='line_1_31' title="bbox 427 2470 806 2517; baseline -0.005 -9"><span class='ocrx_word' id='word_1_262' title='bbox 427 2472 473 2509; x_wconf 77' lang='lat'>0011.</span> <span class='ocrx_word' id='word_1_263' title='bbox 486 2473 532 2508; x_wconf 88' lang='lat' dir='ltr'>Brit.</span> <span class='ocrx_word' id='word_1_264' title='bbox 545 2471 585 2508; x_wconf 89' lang='lat' dir='ltr'>Pel.</span> <span class='ocrx_word' id='word_1_265' title='bbox 598 2482 626 2517; x_wconf 89' lang='lat' dir='ltr'>ep.</span> <span class='ocrx_word' id='word_1_266' title='bbox 641 2470 669 2516; x_wconf 80' lang='lat'>20,</span> <span class='ocrx_word' id='word_1_267' title='bbox 683 2471 694 2506; x_wconf 90' lang='lat' dir='ltr'>l.</span> <span class='ocrx_word' id='word_1_268' title='bbox 708 2471 720 2506; x_wconf 89' lang='lat' dir='ltr'>l.</span> <span class='ocrx_word' id='word_1_269' title='bbox 733 2471 764 2507; x_wconf 82' lang='lat' dir='ltr'>tol.</span> <span class='ocrx_word' id='word_1_270' title='bbox 778 2471 806 2507; x_wconf 75' lang='grc'>27.</span> 
     </span>
    </p>
   </div>
   <div class='ocr_carea' id='block_1_6' title="bbox 72 2553 1047 2682">
    <p class='ocr_par' dir='ltr' id='par_1_9' title="bbox 72 2553 1047 2682">
     <span class='ocr_line' id='line_1_32' title="bbox 72 2553 1047 2613; baseline -0.006 -11"><span class='ocrx_word' id='word_1_271' title='bbox 72 2563 174 2613; x_wconf 54' lang='lat' dir='ltr'>tessare.</span> <span class='ocrx_word' id='word_1_272' title='bbox 247 2556 362 2611; x_wconf 81' lang='lat' dir='ltr'>Pelagiuse</span> <span class='ocrx_word' id='word_1_273' title='bbox 378 2555 457 2610; x_wconf 75' lang='lat' dir='ltr'>Cetego</span> <span class='ocrx_word' id='word_1_274' title='bbox 476 2557 576 2611; x_wconf 86' lang='lat' dir='ltr'>patricio.</span> <span class='ocrx_word' id='word_1_275' title='bbox 607 2554 641 2596; x_wconf 89' lang='lat' dir='ltr'>De</span> <span class='ocrx_word' id='word_1_276' title='bbox 657 2553 801 2597; x_wconf 77' lang='lat' dir='ltr'>Siracusanae</span> <span class='ocrx_word' id='word_1_277' title='bbox 819 2563 850 2597; x_wconf 87' lang='lat' dir='ltr'>oet.</span> <span class='ocrx_word' id='word_1_278' title='bbox 869 2562 892 2597; x_wconf 86' lang='lat' dir='ltr'>ut</span> <span class='ocrx_word' id='word_1_279' title='bbox 909 2558 932 2596; x_wconf 85' lang='lat' dir='ltr'>iu</span> <span class='ocrx_word' id='word_1_280' title='bbox 953 2558 1047 2597; x_wconf 76' lang='lat' dir='ltr'>Gr·ctiorii</span> 
     </span>
     <span class='ocr_line' id='line_1_33' title="bbox 88 2624 1045 2682; baseline -0.003 -11"><span class='ocrx_word' id='word_1_281' title='bbox 88 2624 156 2662; x_wconf 42' lang='lat'>460·</span> <span class='ocrx_word' id='word_1_282' title='bbox 188 2633 234 2671; x_wconf 74' lang='lat' dir='ltr'>(lem.</span> <span class='ocrx_word' id='word_1_283' title='bbox 250 2631 304 2671; x_wconf 65' lang='lat' dir='ltr'>ID.</span> <span class='ocrx_word' id='word_1_284' title='bbox 322 2632 380 2670; x_wconf 66' lang='lat' dir='ltr'>aaa</span> <span class='ocrx_word' id='word_1_285' title='bbox 396 2632 533 2682; x_wconf 68' lang='lat' dir='ltr'>13,ae&lt;tposi</span> <span class='ocrx_word' id='word_1_286' title='bbox 550 2626 656 2669; x_wconf 73' lang='lat' dir='ltr'>verbovel</span> <span class='ocrx_word' id='word_1_287' title='bbox 673 2626 789 2669; x_wconf 88' lang='lat' dir='ltr'>heredibus</span> <span class='ocrx_word' id='word_1_288' title='bbox 808 2626 923 2668; x_wconf 88' lang='lat' dir='ltr'>relicturus</span> <span class='ocrx_word' id='word_1_289' title='bbox 946 2631 1045 2680; x_wconf 77' lang='lat' dir='ltr'>sequitur:</span> 
     </span>
    </p>
   </div>
   <div class='ocr_carea' id='block_1_7' title="bbox 184 2736 1047 3010">
    <p class='ocr_par' dir='ltr' id='par_1_10' title="bbox 184 2736 1047 3010">
     <span class='ocr_line' id='line_1_34' title="bbox 184 2736 1047 2778; baseline -0.002 -8"><span class='ocrx_word' id='word_1_290' title='bbox 184 2744 186 2746; x_wconf 80' lang='grc'><strong>’</strong></span> <span class='ocrx_word' id='word_1_291' title='bbox 247 2742 255 2757; x_wconf 69' lang='lat'>¹²</span> <span class='ocrx_word' id='word_1_292' title='bbox 268 2738 348 2770; x_wconf 81' lang='lat' dir='ltr'>Putentic</span> <span class='ocrx_word' id='word_1_293' title='bbox 360 2739 395 2770; x_wconf 83' lang='lat' dir='ltr'>cod.</span> <span class='ocrx_word' id='word_1_294' title='bbox 418 2739 470 2770; x_wconf 65' lang='lat' dir='ltr'>liariter</span> <span class='ocrx_word' id='word_1_295' title='bbox 482 2740 556 2778; x_wconf 78' lang='lat' dir='ltr'>epistolae</span> <span class='ocrx_word' id='word_1_296' title='bbox 568 2739 639 2777; x_wconf 67' lang='lat' dir='ltr'>enipeum</span> <span class='ocrx_word' id='word_1_297' title='bbox 647 2737 754 2776; x_wconf 69' lang='lat' dir='ltr'>jiuquzcutum</span> <span class='ocrx_word' id='word_1_298' title='bbox 763 2742 811 2768; x_wconf 79' lang='lat' dir='ltr'>eastot</span> <span class='ocrx_word' id='word_1_299' title='bbox 822 2747 848 2776; x_wconf 85' lang='lat' dir='ltr'>cp.</span> <span class='ocrx_word' id='word_1_300' title='bbox 855 2737 942 2768; x_wconf 78' lang='lat' dir='ltr'>Dcusdedit</span> <span class='ocrx_word' id='word_1_301' title='bbox 950 2738 982 2768; x_wconf 83' lang='lat' dir='ltr'>III.</span> <span class='ocrx_word' id='word_1_302' title='bbox 991 2749 1004 2768; x_wconf 86' lang='lat' dir='ltr'>c.</span> <span class='ocrx_word' id='word_1_303' title='bbox 1011 2736 1047 2768; x_wconf 79' lang='lat'>112</span> 
     </span>
     <span class='ocr_line' id='line_1_35' title="bbox 188 2795 1047 2839; baseline -0.002 -9"><span class='ocrx_word' id='word_1_304' title='bbox 188 2799 213 2831; x_wconf 81' lang='lat' dir='ltr'>cd.</span> <span class='ocrx_word' id='word_1_305' title='bbox 226 2800 322 2830; x_wconf 63' lang='lat' dir='ltr'>uror-iuuari·</span> <span class='ocrx_word' id='word_1_306' title='bbox 331 2810 349 2839; x_wconf 83' lang='lat' dir='ltr'>p.</span> <span class='ocrx_word' id='word_1_307' title='bbox 362 2797 399 2830; x_wconf 75' lang='lat'>292</span> <span class='ocrx_word' id='word_1_308' title='bbox 412 2809 445 2829; x_wconf 78' lang='lat' dir='ltr'>cruri</span> <span class='ocrx_word' id='word_1_309' title='bbox 457 2799 487 2829; x_wconf 77' lang='lat' dir='ltr'>truc</span> <span class='ocrx_word' id='word_1_310' title='bbox 499 2798 608 2838; x_wconf 68' lang='lat' dir='ltr'>irrumptione:</span> <span class='ocrx_word' id='word_1_311' title='bbox 621 2796 657 2828; x_wconf 84' lang='lat' dir='ltr'>Pel.</span> <span class='ocrx_word' id='word_1_312' title='bbox 670 2796 751 2828; x_wconf 78' lang='lat' dir='ltr'>Viventio</span> <span class='ocrx_word' id='word_1_313' title='bbox 764 2796 823 2837; x_wconf 72' lang='lat' dir='ltr'>Neup,</span> <span class='ocrx_word' id='word_1_314' title='bbox 839 2795 911 2828; x_wconf 80' lang='lat' dir='ltr'>Gemino</span> <span class='ocrx_word' id='word_1_315' title='bbox 923 2796 1017 2828; x_wconf 81' lang='lat' dir='ltr'>Puteolano</span> <span class='ocrx_word' id='word_1_316' title='bbox 1030 2799 1047 2828; x_wconf 88' lang='lat' dir='ltr'>et</span> 
     </span>
     <span class='ocr_line' id='line_1_36' title="bbox 189 2854 1045 2899; baseline -0.002 -10"><span class='ocrx_word' id='word_1_317' title='bbox 189 2857 286 2889; x_wconf 77' lang='lat' dir='ltr'>Constantio</span> <span class='ocrx_word' id='word_1_318' title='bbox 292 2857 357 2889; x_wconf 82' lang='lat' dir='ltr'>Miseno</span> <span class='ocrx_word' id='word_1_319' title='bbox 370 2857 457 2899; x_wconf 83' lang='lat' dir='ltr'>episcopis.</span> <span class='ocrx_word' id='word_1_320' title='bbox 499 2854 507 2875; x_wconf 75' lang='lat'>¹³</span> <span class='ocrx_word' id='word_1_321' title='bbox 519 2855 631 2888; x_wconf 78' lang='lat' dir='ltr'>Vulturniarn</span> <span class='ocrx_word' id='word_1_322' title='bbox 638 2867 651 2887; x_wconf 85' lang='lat' dir='ltr'>c.</span> <span class='ocrx_word' id='word_1_323' title='bbox 696 2859 702 2874; x_wconf 76' lang='lat'><strong>⁰</strong></span> <span class='ocrx_word' id='word_1_324' title='bbox 715 2859 737 2887; x_wconf 83' lang='lat' dir='ltr'>sic</span> <span class='ocrx_word' id='word_1_325' title='bbox 749 2858 802 2887; x_wconf 73' lang='lat' dir='ltr'>relicuo</span> <span class='ocrx_word' id='word_1_326' title='bbox 813 2867 868 2887; x_wconf 70' lang='lat' dir='ltr'>artabus</span> <span class='ocrx_word' id='word_1_327' title='bbox 880 2859 948 2888; x_wconf 70' lang='lat' dir='ltr'>currerit</span> <span class='ocrx_word' id='word_1_328' title='bbox 960 2857 1018 2888; x_wconf 88' lang='lat' dir='ltr'>morbo</span> <span class='ocrx_word' id='word_1_329' title='bbox 1025 2857 1045 2898; x_wconf 73' lang='lat' dir='ltr'>(t)</span> 
     </span>
     <span class='ocr_line' id='line_1_37' title="bbox 189 2914 1047 2956; baseline 0 -8"><span class='ocrx_word' id='word_1_330' title='bbox 189 2920 224 2950; x_wconf 82' lang='lat' dir='ltr'>cod.</span> <span class='ocrx_word' id='word_1_331' title='bbox 284 2914 292 2935; x_wconf 59' lang='grc' dir='ltr'>[ἶ</span> <span class='ocrx_word' id='word_1_332' title='bbox 304 2921 344 2949; x_wconf 86' lang='lat' dir='ltr'>sunt</span> <span class='ocrx_word' id='word_1_333' title='bbox 359 2919 412 2949; x_wconf 80' lang='lat' dir='ltr'>oiieuc</span> <span class='ocrx_word' id='word_1_334' title='bbox 426 2928 481 2949; x_wconf 74' lang='lat' dir='ltr'>irruitur</span> <span class='ocrx_word' id='word_1_335' title='bbox 496 2919 534 2949; x_wconf 75' lang='lat' dir='ltr'>cclvi.</span> <span class='ocrx_word' id='word_1_336' title='bbox 589 2919 596 2934; x_wconf 72' lang='lat'>‘³</span> <span class='ocrx_word' id='word_1_337' title='bbox 609 2915 686 2947; x_wconf 75' lang='lat' dir='ltr'>Gelasius</span> <span class='ocrx_word' id='word_1_338' title='bbox 699 2927 782 2956; x_wconf 75' lang='lat' dir='ltr'>perpurum</span> <span class='ocrx_word' id='word_1_339' title='bbox 797 2916 837 2955; x_wconf 75' lang='lat' dir='ltr'>ced,</span> <span class='ocrx_word' id='word_1_340' title='bbox 855 2917 875 2956; x_wconf 82' lang='lat' dir='ltr'>cs.</span> <span class='ocrx_word' id='word_1_341' title='bbox 892 2917 952 2948; x_wconf 81' lang='lat' dir='ltr'>Erculd</span> <span class='ocrx_word' id='word_1_342' title='bbox 967 2918 984 2948; x_wconf 87' lang='lat' dir='ltr'>iu</span> <span class='ocrx_word' id='word_1_343' title='bbox 996 2917 1047 2948; x_wconf 80' lang='lat' dir='ltr'>Neues</span> 
     </span>
     <span class='ocr_line' id='line_1_38' title="bbox 189 2976 333 3010; baseline 0 -1"><span class='ocrx_word' id='word_1_344' title='bbox 189 2979 247 3010; x_wconf 76' lang='lat' dir='ltr'>Accliio</span> <span class='ocrx_word' id='word_1_345' title='bbox 263 2979 281 3009; x_wconf 76' lang='lat' dir='ltr'>V.</span> <span class='ocrx_word' id='word_1_346' title='bbox 294 2976 333 3009; x_wconf 61' lang='lat'>54‘3.</span> 
     </span>
    </p>
   </div>
   <div class='ocr_carea' id='block_1_8' title="bbox 249 3044 796 3083">
    <p class='ocr_par' dir='ltr' id='par_1_11' title="bbox 249 3044 796 3083">
     <span class='ocr_line' id='line_1_39' title="bbox 249 3044 796 3083; baseline -0.007 0"><span class='ocrx_word' id='word_1_347' title='bbox 249 3047 256 3066; x_wconf 78' lang='lat'>¹</span> <span class='ocrx_word' id='word_1_348' title='bbox 269 3046 296 3082; x_wconf 78' lang='lat' dir='ltr'>cf.</span> <span class='ocrx_word' id='word_1_349' title='bbox 309 3047 358 3083; x_wconf 74' lang='lat' dir='ltr'>Jaffc</span> <span class='ocrx_word' id='word_1_350' title='bbox 370 3045 398 3082; x_wconf 87' lang='lat' dir='ltr'>ed.</span> <span class='ocrx_word' id='word_1_351' title='bbox 411 3057 446 3082; x_wconf 88' lang='lat' dir='ltr'>sec.</span> <span class='ocrx_word' id='word_1_352' title='bbox 460 3045 500 3082; x_wconf 79' lang='lat'>981.</span> <span class='ocrx_word' id='word_1_353' title='bbox 544 3046 551 3065; x_wconf 74' lang='lat'><strong>²</strong></span> <span class='ocrx_word' id='word_1_354' title='bbox 564 3045 591 3081; x_wconf 78' lang='lat' dir='ltr'>Of.</span> <span class='ocrx_word' id='word_1_355' title='bbox 605 3044 654 3081; x_wconf 75' lang='lat' dir='ltr'>Jaffe</span> <span class='ocrx_word' id='word_1_356' title='bbox 666 3044 694 3081; x_wconf 86' lang='lat' dir='ltr'>ed.</span> <span class='ocrx_word' id='word_1_357' title='bbox 707 3055 742 3080; x_wconf 89' lang='lat' dir='ltr'>sec.</span> <span class='ocrx_word' id='word_1_358' title='bbox 756 3044 796 3080; x_wconf 72' lang='grc'>992.</span> 
     </span>
    </p>
   </div>
   <div class='ocr_carea' id='block_1_9' title="bbox 0 0 1117 3376">
    <p class='ocr_par' dir='ltr' id='par_1_12' title="bbox 0 0 1117 3376">
     <span class='ocr_line' id='line_1_40' title="bbox 0 0 1117 3376; baseline 0 0"><span class='ocrx_word' id='word_1_359' title='bbox 0 0 1117 3376; x_wconf 95' lang='lat' dir='ltr'> </span> 
     </span>
    </p>
   </div>
  </div>
 </body>
</html>
