2154 3394
320 162 447 212 Anuxnrvnm
458 170 483 197 111
494 169 609 197 suvevonum,
619 160 654 195 243
870 148 911 190 135

58 285 106 314 cam
120 268 299 312 benedictionem.
324 269 415 313 Invento
427 270 450 312 in
463 269 557 324 quodam
573 268 653 323 scripto
665 267 770 310 librorum
781 270 912 322 nostrorum,
926 266 1030 305 1163-64

58 341 116 397 quod
130 339 274 383 Lateraneusi
288 341 373 396 palacio
390 342 481 384 ecclesia
496 343 570 383 vestra
586 339 677 393 singulis
696 340 757 382 annis
773 340 861 381 unciam
877 338 912 380 de·
937 325 1022 367 001·Ῑῖ-

57 414 120 457 beret
134 412 182 454 auri
197 412 328 467 persolvere,
351 413 379 456 ab
397 413 539 455 universitate
558 414 630 453 vestra
646 424 734 454 censum
754 412 826 466 ipsum
842 410 912 465 exegi-

58 498 112 527 mus.
138 472 181 526 sed
193 487 267 526 tamen
279 476 342 528 nobis
354 484 505 540 respondistis,
518 483 593 525 necin
609 485 681 525 vestra
693 483 798 526 memoria
811 496 858 525 esse
873 495 914 524 nec

59 555 132 609 aliqua
146 569 184 597 vos
200 555 250 598 inde
266 557 347 612 scripta
359 556 446 610 habere,
463 554 521 609 quod
533 553 591 595 idem
604 567 680 596 ceusus
694 554 721 597 ab
735 554 826 597 ecclesia
840 556 914 596 vestra

58 627 155 670 Romane
179 627 269 670 ecclesie
291 628 427 671 consueverit
449 641 476 669 ex
497 625 623 669 condicione
644 625 743 680 persolvi.
779 624 843 668 Unde
865 639 914 667 cum

58 697 187 741 venerabilis
196 697 264 741 frater
276 702 350 742 noster
363 687 503 754 Barnaeum)
516 696 643 740 Portuensis
657 697 770 752 episcopus
783 700 805 739 et
821 695 913 738 dilectus

58 769 115 812 filius
131 772 205 812 noster
216 769 324 813 Henricus
337 769 375 813 SS.
388 768 454 811 Nerei
469 773 491 811 et
503 768 597 811 Achillei
612 768 726 823 presbyter
742 768 858 811 cardinalis
874 781 913 822 per

59 841 214 884 monasterium
229 845 326 884 vestrum
341 855 410 896 nuper
425 842 553 895 transirent,
574 839 662 895 quidam
679 839 704 882 de
719 839 875 882 maturioribus
889 842 914 881 -et

60 912 218 966 antiquioribus
235 912 339 956 fratribus
350 913 373 954 in
384 912 497 967 presencia
510 923 585 955 eorum
596 911 637 954 hoc
652 912 724 967 ipsum
739 912 811 966 parati
826 910 915 954 fuerunt

57 985 138 1039 jurare.
162 982 218 1037 Quia
233 985 300 1039 igitur
309 984 409 1027 Romana
418 984 510 1026 ecclesia
518 981 638 1038 uuniquam
651 983 762 1026 consuevit
778 983 863 1038 exigere
876 982 914 1026 sed

60 1055 133 1111 potius
149 1069 233 1110 rogare,
249 1059 274 1098 ut
289 1056 344 1098 alias
358 1056 460 1098 ecclesias
473 1055 515 1098 sibi
527 1055 609 1097 faceret
621 1055 740 1109 censuales,
756 1069 794 1097 vos
810 1059 832 1097 et
847 1054 914 1097 eccle-

61 1127 115 1169 siam
130 1129 224 1169 vestram
241 1127 268 1169 ab
284 1127 408 1170 huiusmodi
421 1128 532 1169 exactione
545 1126 676 1169 absolvimus
690 1131 717 1180 et,
733 1130 759 1168 ut
769 1140 838 1181 neque
850 1126 913 1170 nobis

60 1201 98 1240 aut
114 1198 274 1241 suecessoribus
293 1199 383 1253 nostris,
405 1199 447 1242 nisi
468 1198 524 1242 forte
540 1198 566 1240 de
582 1199 671 1253 propria
689 1198 800 1241 voluntate
814 1201 835 1240 et
850 1198 914 1240 bene-

59 1269 140 1325 placito
156 1272 227 1313 vestro
243 1269 376 1325 procederet,
392 1271 450 1313 huuc
463 1267 551 1313 'censum
564 1270 590 1313 de
607 1270 678 1314 cetero
692 1270 719 1313 ab
736 1270 828 1313 ecclesia
842 1273 915 1312 vestra

60 1341 145 1396 exigere
165 1340 240 1395 liceat,
260 1343 357 1397 presenti
376 1343 456 1397 scripto
472 1356 591 1385 censemus.
622 1342 704 1385 Datum
720 1342 811 1386 denonis
826 1340 847 1384 V
861 1340 915 1383 idus

61 1412 168 1455 Octobris.

61 1736 119 1780 243.
135 1738 245 1777 nascimur
259 1738 295 1777 III
305 1738 401 1789 fratribus
420 1739 588 1779 deliciarumque
600 1740 702 1790 praecipit,
718 1743 740 1778 cit
758 1740 781 1778 iu
795 1737 915 1777 ciconustcrio

135 1809 195 1848 ultore
210 1810 285 1859 eripiat
300 1810 458 1849 admemoriam
474 1811 593 1862 sancitorum
609 1812 632 1849 ia
647 1810 724 1850 ccclesia
741 1811 760 1850 S.
771 1811 824 1849 Petri
839 1822 852 1848 o
867 1808 914 1848 Wil-

135 1880 191 1920 lelmo
207 1881 300 1920 Ervcccdi
315 1882 413 1921 occasione
428 1883 560 1921 concessionis
575 1883 678 1921 Acciucirii
693 1882 762 1933 1111111
778 1893 871 1921 concessa.

185 1983 233 2020 Bibl.
246 1988 284 2020 nat.
297 1984 354 2021 Paris.
367 1996 402 2021 ms.
414 1985 447 2021 lat.
460 1985 518 2022 12773
531 1986 562 2022 fol.
576 1986 616 2030 159,
629 1997 668 2032 cop.
681 1997 696 2021 c.
709 1997 725 2021 a.
739 1985 791 2022 1681,
816 2023 819 2029 ,

120 2127 244 2170 Alexander
260 2128 373 2183 episcopus
394 2142 468 2171 servus
488 2143 598 2172 servorum
613 2129 655 2172 Dei
674 2129 758 2171 dilectis
773 2128 824 2171 filiis
841 2127 916 2171 abbati
935 2129 1039 2168 trec-64

61 2203 83 2242 et
98 2198 202 2242 tratribus
219 2198 407 2243 Gemundensibus
424 2200 516 2243 salutem
536 2205 558 2243 et
576 2201 718 2255 apostolicam
735 2199 915 2244 benedictionem.
951 2189 997 2228 1³0⁰·
1006 2190 1025 2229 2·

61 2270 169 2325 Quoniam
192 2271 248 2313 sicut
268 2271 389 2326 accepimus
404 2272 528 2315 Willelmus
543 2272 652 2327 Ernaudi,
676 2273 713 2327 qui
734 2273 757 2314 iu
777 2271 916 2315 conversione

10 2367 12 2371 ι
61 2342 171 2385 Azemarii
189 2341 263 2384 fratris
282 2344 316 2384 sui
330 2343 373 2397 ius,
390 2343 448 2397 quod
465 2343 561 2387 habebat
576 2345 599 2387 in
615 2344 707 2387 ecclesia
719 2343 741 2387 S.
754 2344 816 2386 Petri
831 2343 857 2385 de
870 2342 916 2385 Ma-

61 2415 123 2468 zeris,
140 2428 189 2455 cum
202 2427 227 2457 eo
242 2413 325 2469 pariter
339 2416 471 2458 monasterio
489 2419 560 2459 vestro
577 2417 690 2470 concessit,
706 2419 781 2459 votum
796 2419 818 2457 et
834 2413 916 2457 deside-

61 2485 117 2528 rium
133 2485 195 2539 gerit,
211 2488 236 2527 ut
251 2500 290 2540 pro
306 2485 371 2528 altari
386 2485 445 2528 illius
461 2487 572 2541 ecclesiae,
590 2488 649 2542 quod
663 2488 695 2530 ibi
708 2487 836 2534 destitutum
851 2486 916 2528 relin-

62 2558 145 2611 quitur,
167 2557 190 2599 in
212 2557 288 2599 eodem
303 2559 434 2600 monasterio
450 2563 522 2601 vestro
538 2559 607 2601 altare
624 2559 712 2614 aliquod
728 2561 872 2611 construatur,
893 2558 916 2598 in

53 2643 104 2689 *quo
119 2629 224 2672 memoria
240 2643 323 2683 eorum,
344 2629 381 2684 qui
396 2630 419 2671 11
434 2630 548 2672 cemeterio
563 2630 689 2685 praedictae
709 2631 812 2673 ecclesiae
828 2629 915 2684 conqui-

62 2704 143 2754 escunt,
159 2714 199 2755 per
216 2700 354 2744 succedentia
369 2705 467 2756 tempora
483 2700 609 2756 celebretur,
626 2716 738 2745 monemus
752 2702 856 2744 attentius
868 2701 915 2742 uni-

61 2773 186 2814 versitatem
202 2776 298 2814 vestram
314 2776 379 2827 atque
394 2772 532 2826 mandamus,
555 2777 662 2827 quatenus
682 2774 727 2816 eius
745 2772 851 2815 laudabili
866 2775 916 2815 voto

61 2842 84 2884 in
98 2843 140 2886 hac
157 2847 222 2898 parte
244 2843 362 2887 studiosius
384 2847 503 2887 annuentes
524 2859 564 2899 pro
581 2845 651 2887 altari
672 2845 710 2888 illo
730 2844 789 2887 aliud
809 2845 878 2886 altare
893 2844 917 2885 in

61 2915 172 2969 praedicto
188 2916 321 2959 monasterio
336 2919 408 2960 vestro
424 2915 529 2959 studeatis
548 2916 637 2971 erigere,
653 2917 675 2959 in
692 2931 733 2971 quo
749 2915 854 2972 memoria
869 2915 917 2959 illo-

61 3000 116 3041 rum,
133 2987 171 3041 qui
182 2986 227 3029 illic
236 2987 381 3042 requiescunt,
395 2987 519 3042 specialiter
532 2986 629 3030 debeatis
642 2989 785 3043 inposterum
798 2986 916 3030 celebrare.

61 3055 143 3100 Datum
159 3057 250 3101 Senonis
265 3058 298 3101 IV
313 3059 362 3103 Non
376 3058 511 3102 Decembris.
