2154 3394
294 171 422 207 Annxnnonr
435 181 461 207 nr
472 181 585 208 mrsrounn
597 172 632 208 305
852 161 893 200 iri

41 277 158 334 apostolice
174 277 220 320 sedi
235 281 327 341 tenetur,
344 278 519 335 dimidiamque
534 279 626 333 vacavit,
643 279 728 322 crudam
744 278 772 321 ad
787 278 894 320 interven·
928 277 985 315 1179

39 356 86 393 tum
98 349 181 404 regium
197 350 324 404 assignarit3
341 350 402 393 cuius
418 350 500 394 lactum
515 351 568 393 licet
583 350 610 392 de
625 351 672 393 iure
684 350 818 405 potuerimus
833 362 894 392 reuo-
906 337 1003 378 Mfflffll·

41 435 99 474 care,
122 421 294 464 consideratione
316 422 375 476 regie
400 422 556 477 magnitudinis
583 422 723 464 sustinuimus
744 422 896 475 incorrectum,

41 492 152 535 eredentes
168 492 260 535 eundem
276 493 401 547 episcopum
417 494 445 536 ad
460 494 525 536 huius
538 493 682 548 provisionem
698 493 789 535 celerius
804 506 844 548 per
859 507 897 536 uo-

41 569 109 607 stram
123 564 312 607 mansuetudinem
323 565 491 618 provocandum.
518 563 575 618 Quia
587 565 654 618 igitur
666 578 734 619 nuper
746 564 770 605 in
781 564 826 606 iam
838 564 897 606 dicta

41 634 132 679 ecclesia
147 635 280 690 prebendam
295 634 394 690 Hugonis
411 636 437 679 de
454 636 555 680 Oratorio
576 636 698 691 accepimus
714 636 835 689 vacavisse,
856 650 896 678 nos

41 705 184 760 attendentes,
207 707 264 761 quod
279 706 377 762 prefatus
392 707 527 764 llohannes),
549 722 589 762 pro
609 722 651 763 quo
667 708 746 750 totiens
766 711 789 749 et
803 710 850 749 tam
866 706 896 748 di·
913 759 915 763 y

41 779 116 828 stricte
131 777 266 838 scripsimus,
288 779 334 821 sine
350 779 430 821 mimia
448 779 506 822 sedis
523 779 641 834 apostolice
656 778 754 821 fraudari
768 793 813 821 non
827 779 898 833 possit

42 851 122 892 diutius
138 849 251 905 stipendiis
272 849 350 892 militie
372 850 488 905 clericalis,
511 850 645 893 fraternitati
663 853 701 893 tue
719 864 758 905 per
777 849 897 905 apostolica

42 921 123 976 scripta
137 920 265 964 mandamus
288 925 353 976 atque
369 922 510 977 precipimus,
533 923 635 977 quatinus
656 923 700 964 iam
722 922 779 964 dicto
796 922 896 977 episcopo

42 996 146 1047 exparte
166 997 241 1035 nostra
263 997 285 1036 et
305 996 344 1035 tua
359 994 382 1035 in
397 993 520 1036 obedientie
535 994 615 1036 virtute
631 993 748 1049 precipias,
770 997 795 1035 ut
813 993 834 1035 ei
848 1007 896 1048 pre-

42 1064 145 1120 scriptam
157 1064 291 1119 prebendam
302 1065 460 1108 nonobstante
477 1065 614 1108 concessione
630 1065 664 1108 vel
680 1065 802 1120 donatione,
819 1066 897 1119 siqua

41 1136 100 1179 lacta
115 1140 154 1190 est,
174 1136 260 1179 sublato
274 1136 425 1192 appellationis
445 1136 532 1191 diffugio
549 1137 647 1180 conferat
663 1141 685 1179 et
700 1137 802 1191 assignet.
834 1135 897 1190 Quod

42 1208 60 1250 si
74 1207 146 1250 iacere
167 1208 223 1251 forte
244 1208 344 1262 noluerit,
367 1212 391 1250 tn
414 1209 574 1251 concessionem
595 1209 629 1251 rel
645 1208 783 1251 donationem
804 1207 830 1249 de
848 1207 897 1262 ipsa

41 1278 128 1333 factam,
145 1279 289 1334 appellatione
304 1283 397 1334 remota,
417 1280 503 1322 irritam
523 1279 636 1322 denunties
652 1283 674 1322 et
690 1280 815 1334 episcopum
831 1292 844 1321 a
860 1278 897 1321 do-

40 1350 128 1393 natione
143 1350 303 1405 prebendarum
318 1355 394 1393 nostra
410 1355 432 1393 et
447 1354 486 1393 tua
498 1350 566 1393 fretus
580 1351 710 1393 auctoritate
725 1350 793 1392 facias
808 1363 897 1392 manere

41 1435 176 1476 suspensum,
194 1422 262 1464 donec
272 1421 298 1464 de
311 1423 432 1476 provisione
442 1423 506 1464 istius
515 1422 643 1464 mandatum
654 1421 797 1476 apostolicum
806 1421 896 1476 implea-

4 1544 6 1547 ,
40 1497 85 1545 tur3
101 1492 167 1535 nullis
182 1493 261 1535 litteris
278 1493 423 1547 obstantibus,
439 1494 458 1535 si
474 1508 516 1548 que
532 1497 583 1535 sunt
594 1494 629 1536 uel
644 1492 725 1535 fuerint
739 1493 773 1535 his
790 1493 897 1535 contrarie

41 1565 132 1607 veritate
153 1565 221 1607 tacita
242 1565 265 1606 in
285 1567 398 1620 posterum
419 1566 541 1620 impetrate.
573 1565 609 1607 Ad
629 1564 684 1608 haec
705 1565 839 1620 presentium
857 1563 898 1606 tibi

42 1636 171 1678 auctoritate
186 1636 325 1690 iniungimus,
341 1640 366 1678 ut
378 1636 556 1691 compositionem
571 1638 628 1679 inter
642 1638 714 1692 ipsum
726 1635 860 1691 tatamen)
876 1638 898 1677 et

41 1707 65 1749 P.
83 1707 109 1749 de
124 1706 198 1750 lllcnte
219 1721 258 1762 per
277 1708 423 1750 venerabilem
442 1707 532 1750 fratrem
551 1712 650 1751 nostrum
668 1708 773 1764 P(etrrnn)
792 1705 897 1749 Tuscula-

41 1792 93 1820 nmn
108 1779 242 1833 episcopum,
261 1782 314 1820 tnnc
332 1780 391 1821 tituli
410 1780 479 1822 sancti
496 1778 612 1834 Grisogoni
631 1779 782 1835 presbyterum
798 1777 896 1820 cardina-

40 1849 90 1903 lem,
107 1849 225 1905 apostolice
236 1850 298 1892 'sedis
313 1850 415 1905 legatmn,
431 1850 513 1893 factam
533 1855 554 1892 et
573 1851 615 1893 fide
634 1850 750 1893 hincinde
768 1850 898 1904 interposita

41 1921 196 1975 confirmatam,
213 1921 289 1976 scripti
305 1921 370 1963 etiam
386 1922 455 1964 nostri
472 1923 591 1964 munimine
609 1923 734 1965 roboratam
749 1920 817 1963 facias
835 1921 898 1962 iuxta

41 1993 110 2048 ipsius
129 1993 289 2047 compositionis
308 1997 405 2035 tenorem
424 1992 510 2035 sublato
529 1994 681 2049 appellationis
701 1992 789 2047 diffugio
808 1991 897 2034 inviola-

41 2064 115 2106 biliter
130 2063 240 2106 observari
259 2067 281 2105 et
300 2068 375 2106 contra
394 2078 443 2106 eam
461 2065 585 2108 subtractos
606 2064 676 2107 eidem
691 2063 799 2120 lothanni)
815 2063 897 2105 tructus

42 2135 212 2179 contradictione
229 2139 250 2177 et
266 2135 413 2190 appellatione
429 2141 528 2179 cessante
545 2151 594 2179 cum
609 2135 735 2191 integritate
750 2136 843 2178 rest-itui.

42 2363 101 2407 305.
117 2365 227 2411 Alcacodcr
241 2364 276 2404 HI
288 2364 372 2415 capitolo
390 2365 531 2405 salutemdare
548 2366 571 2420 <lc
586 2365 720 2417 sapientoribus
735 2365 760 2403 od
778 2363 898 2402 Willeboom

116 2436 231 2475 novitatem
249 2440 266 2476 ct
283 2436 392 2475 Hermionen
413 2437 575 2477 Silourroctooscm
591 2437 677 2488 aristoles
695 2436 766 2475 scribit.
801 2436 897 2483 Prohibet,

115 2521 140 2547 ac
155 2521 212 2559 prtem
230 2508 258 2561 iu,
271 2508 388 2547 corcoiacum
406 2509 510 2559 recapitulat,
530 2509 588 2548 donoc
603 2508 689 2548 Iohanni
705 2511 774 2558 potua
788 2503 905 2558 mucheodd‘

115 2580 190 2630 irrtepro
205 2579 274 2619 colluto
289 2580 320 2619 sit.

254 2648 301 2694 Reg.
313 2647 366 2684 Alex⁴
379 2647 444 2694 fragm.
458 2660 486 2695 ep.
500 2649 527 2693 59,
540 2649 552 2683 l.
565 2648 577 2684 1.
590 2649 621 2685 fol.
634 2649 683 2685 raab.

100 2742 202 2786 Decano1
218 2747 240 2786 et
255 2743 350 2798 capitulo
366 2742 529 2786 Silvanectensi.
560 2743 604 2785 Per
623 2743 677 2786 alias
697 2743 782 2785 litteras
798 2756 836 2784 nos
852 2755 896 2783 me·
931 2753 988 2792 1179

41 2805 142 2857 minimus
157 2815 218 2858 robis
234 2816 257 2857 in
271 2816 352 2857 uirtute
368 2814 489 2857 obedientie
505 2815 638 2869 precepisse,
657 2819 682 2857 ut
697 2814 780 2857 nullum
795 2814 818 2855 in
833 2826 896 2856 cano·
909 2813 1006 2854 Maiiam.

41 2886 120 2940 uicum,
142 2886 209 2929 donec
225 2886 317 2929 dilectus
332 2886 390 2928 iilius
411 2890 486 2929 noster
500 2885 624 2942 I(obannes)
640 2889 711 2941 poeta,
728 2885 818 2943 clericus
833 2898 897 2927 uene-

41 2956 117 3000 rabilis
132 2958 206 3000 fratris
222 2959 292 3001 nostri
307 2957 430 3016 Prenestini
447 2957 556 3012 episcopi‘2
570 2956 662 2999 haberet
680 2957 703 2999 io
718 2956 810 2999 ecclesia
824 2960 898 2999 vestra

100 3078 106 3096 ¹
120 3076 222 3124 Stephano.
272 3077 279 3096 ²
291 3077 396 3114 Berneredi.

76 3148 198 3184 Lonunnnunn,
212 3149 261 3184 Epist.
270 3150 315 3177 Pont
325 3150 369 3177 Rom.
588 3170 590 3172 ,
731 3136 754 3171 12
