2154 3394
213 1016 398 1095 INITIA
422 1016 828 1096 EPISTOLARUM

467 1175 577 1203 COMPOSUIT

491 1270 509 1313 1.
525 1270 551 1313 1¹.

428 1517 469 1537 unm.
478 1517 502 1543 ep.

91 1547 210 1595 Ammona
221 1562 283 1594 nostra
295 1569 349 1593 non.
377 1585 381 1592 .
407 1586 411 1593 .
437 1586 441 1592 .
467 1562 501 1594 266

91 1607 147 1644 Absit
159 1610 221 1642 autem
479 1610 502 1641 45

91 1655 122 1690 Ad
134 1654 233 1701 apostoliea
245 1654 292 1690 sedis
318 1681 441 1689 .....
467 1657 502 1689 225

91 1703 122 1738 Ad
134 1703 246 1738 audientiam
258 1702 371 1747 apostolatus
383 1703 442 1737 nostri

114 1752 203 1796 peruenit,
216 1751 270 1796 quod,
284 1761 325 1785 eum
338 1750 421 1784 canonici
436 1776 440 1784 .
467 1753 501 1785 370

90 1798 121 1834 Ad
134 1796 246 1834 audientiam
258 1797 371 1843 apostolatus
383 1798 442 1832 nostri

114 1848 203 1892 pervenit
216 1845 266 1891 quod
278 1856 320 1880 oum
331 1844 438 1880 recolendae
466 1848 501 1881 272

91 1894 122 1929 Ad
134 1894 246 1929 audientiam
258 1893 371 1938 apostolatus
384 1894 442 1928 nostri

115 1941 230 1987 quorundam
257 1967 440 1976 .......
467 1944 501 1977 355
519 1955 520 1975 r
539 1939 671 1979 Celsitudinem
682 1944 763 1977 vestram
796 1969 799 1975 .
826 1969 829 1976 .
856 1970 859 1977 ,
885 1970 889 1977 .

873 1520 915 1541 num.
924 1521 947 1547 ep.
960 1514 962 1516 ’

538 1557 654 1604 Audivimus,
667 1562 686 1595 te
704 1587 889 1596 .......
916 1565 949 1597 129

538 1605 617 1642 Avidius
629 1610 648 1642 et
660 1608 753 1643 ardentius
765 1635 890 1644 .....
927 1613 950 1645 47

537 1688 657 1732 Balmensem
670 1697 758 1733 abbatem
795 1725 799 1732 .
825 1725 829 1732 .
855 1725 859 1732 .
885 1725 889 1732 .
916 1701 949 1734 178

538 1784 601 1827 Causa
613 1804 668 1837 super
680 1793 804 1828 corrtroversia
885 1821 889 1828 .
915 1796 949 1829 228

538 1843 618 1880 Causam
631 1846 677 1881 eella
706 1873 889 1881 .......
915 1851 949 1883 145

539 1891 623 1937 Causam,
638 1905 673 1939 qne
685 1895 733 1928 inter
766 1921 889 1929 .....
915 1899 950 1931 300

927 1947 950 1979 40

90 1989 122 2025 Ad
134 1990 245 2025 audientiam
257 1991 338 2023 nostram
350 1989 438 2024 noveritis
467 1992 501 2024 376
539 1987 591 2024 Certe
604 1989 646 2033 diri,
659 1992 680 2024 ut
705 2017 889 2025 .......
928 1995 949 2026 19

91 2036 122 2072 Ad
133 2037 168 2073 hoe
179 2036 302 2082 episeopaIem
318 2062 441 2071 .....
467 2040 502 2072 194

59 2116 61 2120 ,
90 2084 122 2120 Ad
133 2085 351 2130 hoeexdispositione.
377 2110 381 2117 .
407 2111 411 2118 .
437 2111 441 2118 .
467 2088 501 2120 372

91 2132 122 2168 Ad
133 2133 168 2168 hoe
180 2132 287 2178 ineeelesia
298 2131 351 2167 Dei.
377 2158 381 2165 .
407 2159 411 2166 .
437 2159 441 2166 .
467 2136 501 2168 398

91 2181 122 2215 Ad
134 2181 158 2224 id,
172 2180 222 2226 qued
233 2179 309 2215 fecimus
347 2207 351 2214 .
377 2206 381 2213 .
407 2208 411 2214 .
438 2207 441 2214 .
467 2184 502 2215 210

91 2228 122 2263 Ad
133 2230 214 2263 nostram
226 2229 299 2263 noueris
318 2254 441 2262 .....
467 2231 501 2264 276

43 2312 48 2317 „
91 2276 122 2311 Ad
134 2279 187 2310 tuum
199 2277 269 2321 spectat
288 2301 441 2310 ......

91 2323 167 2359 Adeone
179 2326 197 2358 te
209 2325 229 2358 in
257 2349 441 2358 .......

91 2371 185 2408 Adversus
197 2370 330 2406 fraternitatem
346 2397 350 2405 .
376 2397 380 2404 .
406 2398 410 2406 .

91 2419 186 2456 Adversus
198 2418 286 2454 moniales
316 2445 440 2453 .....

91 2467 178 2513 Aequum
191 2470 209 2502 et
220 2466 350 2502 rationabile.
376 2493 380 2500 .
406 2494 410 2501 .
436 2494 440 2501 .

91 2514 200 2550 Anastasius
212 2514 294 2549 Romane
318 2526 321 2548 2
348 2541 351 2547 .
377 2541 381 2547 .
407 2541 411 2548 .

91 2562 175 2598 Andreas
188 2561 320 2597 etIohanna,
346 2588 350 2595 .
376 2588 380 2595 .
407 2589 410 2596 .
437 2589 440 2596 .

90 2610 146 2645 Anno
159 2610 286 2645 dilectissimus
317 2637 321 2644 .
347 2636 351 2643 .
374 2636 381 2650 ,.
407 2637 410 2644 .
437 2637 440 2644 .

91 2657 209 2703 Apostolieae
221 2659 351 2693 auctoritatis.
377 2684 381 2691 .
407 2685 411 2691 .
437 2685 441 2692 .

91 2705 197 2751 Apostoliee
209 2706 256 2740 sedis
269 2707 376 2741 austeritate
406 2732 410 2740 .
437 2732 440 2739 .

91 2753 212 2789 Attendentes
224 2754 289 2789 merita
317 2780 440 2788 .....

91 2801 211 2836 Attendentes
224 2811 280 2846 quam
292 2802 316 2836 sit
327 2801 424 2847 indignum
436 2827 440 2835 .

91 2849 211 2884 Auetoritatis
222 2852 284 2884 nostre
316 2876 320 2884 .
346 2876 350 2884 .
377 2876 380 2883 .
406 2876 410 2883 .
436 2876 440 2883 .

90 2896 196 2943 Audgan'us
208 2897 318 2932 venerabilis
347 2924 350 2931 .
377 2924 380 2930 .
406 2924 410 2931 .
436 2924 440 2930 .
478 2900 500 2932 55

90 2944 311 2989 Audientesapluribus
343 2950 351 2979 ’.
377 2972 381 2979 .
407 2973 410 2980 ,
437 2972 440 2979 ,
466 2947 501 2979 324

90 2992 160 3028 Audito
173 2992 311 3038 quoddiieetus
347 3020 352 3026 .
377 3019 381 3026 .
407 3020 411 3027 .
437 3020 441 3026 .
466 2995 500 3027 312

90 3040 181 3076 Auditum
193 3042 275 3075 nostrum
287 3067 440 3075 ......
467 3043 500 3075 123

90 3087 201 3125 Audivimus
214 3087 301 3123 abbatem
316 3115 440 3123 .....
467 3091 500 3123 143

90 3135 201 3173 Audivimus
213 3135 311 3182 Hugonem
346 3163 350 3170 .
376 3163 380 3170 .

479 2567 501 2597 29

478 2613 500 2646 93

479 2661 501 2693 37

466 2708 501 2741 233

466 2757 501 2789 334

466 2804 500 2837 256

466 2852 500 2884 123

436 2398 440 2406 .
467 2375 501 2407 154
519 2376 521 2410 ὲ
539 2370 698 2417 Conquerentibus
710 2372 763 2407 nobis
775 2372 845 2407 dileetis

467 2422 501 2454 217
519 2422 521 2459 t
539 2417 637 2465 Conquesti
650 2422 693 2454 sunt
705 2419 758 2455 nobis
795 2447 799 2454 .
825 2447 829 2454 .
855 2447 859 2454 .
885 2447 889 2454 .

467 2471 501 2503 190
519 2461 521 2510 ζ
538 2466 654 2512 Conquestus
666 2470 694 2502 est
705 2467 829 2502 Bernardus.
856 2494 859 2502 .
886 2495 889 2502 .

437 2542 441 2548 .
491 2518 501 2550 5
519 2512 521 2563 1¹
538 2513 653 2550 Constitutus
664 2516 684 2549 in
696 2517 788 2560 presentia
825 2542 828 2549 .
855 2542 859 2549 .

519 2579 521 2587 ι

539 2035 614 2071 Certum
627 2037 677 2082 apud
688 2048 722 2073 nos
735 2064 889 2073 ......
916 2042 950 2074 160

539 2083 613 2119 Certum
626 2088 654 2120 est
666 2088 684 2120 et
696 2085 796 2120 multarum
826 2113 830 2120 .
867 2088 901 2120 240
915 2090 950 2122 418

539 2131 613 2168 Certum
626 2135 657 2177 est,
671 2132 829 2169 Tornaeensern.
855 2160 859 2168 .
885 2161 889 2168 .
916 2138 950 2171 184

539 2178 602 2215 Claret
613 2180 733 2226 intelligentie
745 2183 799 2216 tue.
825 2208 829 2215 .
855 2208 859 2215 .
885 2208 889 2216 .
928 2186 950 2218 88

539 2226 613 2263 Clerieis
625 2229 686 2274 igitur,
700 2230 732 2274 qui
765 2256 889 2264 .....
916 2233 949 2265 133

468 2279 501 2312 169
519 2273 521 2318 t
539 2274 626 2311 Coelestis
639 2276 717 2311 altitudo
734 2303 889 2311 ......
915 2281 949 2312 421

478 2327 501 2359 28
519 2320 521 2374 '1
539 2322 637 2359 Confessus
649 2335 673 2368 es,
686 2327 704 2359 te
716 2335 749 2369 per
765 2351 890 2360 .....
916 2329 949 2361 107

885 2400 889 2407 .
915 2376 949 2408 253

915 2424 949 2456 368

915 2472 950 2503 110

885 2543 889 2549 .
915 2519 949 2551 237

538 2561 635 2598 Consuluit
647 2565 757 2608 parvitatem
794 2590 798 2597 .
824 2590 828 2597 .
855 2590 859 2597 .
885 2590 889 2597 .
915 2567 949 2599 108

915 2662 949 2694 160

538 2704 691 2750 Controversiam
705 2717 752 2751 quae
763 2707 811 2741 inter
827 2708 860 2741 159
871 2709 905 2741 176
915 2709 949 2741 232

538 2752 612 2789 Crimen
624 2755 678 2797 istud,
691 2754 741 2800 quod
765 2780 889 2788 .....
915 2757 949 2789 106

538 2800 585 2836 Cum
598 2812 609 2836 a
621 2801 674 2836 nobis
686 2802 759 2847 petitur,
776 2801 826 2847 quod
838 2812 849 2836 a
861 2801 889 2835 iu-

561 2850 622 2885 stitiae
644 2876 888 2884 .........
914 2852 950 2885 420

537 2895 584 2931 Cum
597 2897 670 2933 anobis
679 2898 752 2942 petitur,
762 2897 811 2942 quod
819 2898 889 2931 iustum
915 2900 950 2932 423
961 2924 964 2928 .

537 2943 585 2979 Cum
597 2945 647 2991 apud
659 2948 742 2980 sanetum
764 2971 888 2979 .....
916 2949 950 2980 173

537 2991 585 3027 Cum
596 2992 656 3027 bonae
668 2993 767 3027 memoriae
778 2991 883 3036 Assbertus)
915 2997 951 3028 404

537 3038 584 3075 Cum
597 3039 656 3075 bonae
668 3041 766 3075 memoriae
778 3039 858 3075 Petrus.
885 3068 889 3075 .
916 3045 951 3077 357

537 3086 584 3122 Cum
596 3098 657 3132 caiisa
670 3098 717 3133 quae
729 3089 798 3122 inter.
824 3115 828 3122 .
855 3115 859 3123 .
886 3116 890 3123 .
917 3092 950 3124 241

538 2609 647 2646 Continetur
658 2612 678 2645 in
690 2612 757 2656 seripto
771 2611 851 2656 quodam

538 2657 671 2703 Controversia,
685 2660 791 2704 quaeinter
824 2685 828 2692 .
854 2685 858 2693 .
884 2685 888 2692 .

406 3164 410 3171 .
436 3164 440 3171 .
478 3138 501 3172 74
537 3134 585 3171 Cum
596 3137 703 3171 eommissae
715 3135 769 3171 nobis
795 3163 798 3170 .
825 3164 829 3170 .
856 3163 860 3171 ,
886 3164 890 3171 .
917 3139 951 3172 320
