2178 3376
43 535 133 575 ttrssin.

148 111 190 152 152
405 122 532 158 Anuxnuniu
543 132 568 158 nr
581 132 693 159 urrsucnnn
706 123 740 159 268

219 232 297 271 luctor·
312 233 434 282 cessionarium
449 246 494 272 osse.
524 233 663 284 Irprorctorour
678 234 771 283 hortatur,
788 238 810 273 ut
826 247 874 285 quiue
886 234 1001 285 promiserit

220 304 313 354 compleor
324 317 431 355 puorosque
446 305 533 344 observet.

218 383 262 430 Reg.
275 383 329 419 Alex.
342 384 407 430 fragm.
419 395 448 431 ep.
461 385 490 429 63,
501 385 521 420 in
534 384 573 421 cod.
587 384 633 420 Gon.
640 385 726 420 Trinitat.
734 385 840 433 Gantabrig.
848 386 870 422 R.
877 387 894 423 9.
902 387 929 421 17.

495 455 509 479 s.
522 452 554 479 ΧΠ
566 444 598 479 fol.
611 444 650 479 127.

206 538 334 595 memerito)
353 539 434 581 illustri
452 539 600 582 Romanorum
618 540 751 594 imperatori.
782 539 948 594 Imperatoriam
966 555 1001 583 ex·

148 611 271 653 cedentium
285 610 389 653 vellemus
405 610 530 665 frequenter
544 610 622 652 litteris
639 615 661 653 et
676 611 761 653 nunciis
776 611 865 653 visitare
881 615 903 653 et
922 616 1003 654 statum

147 686 246 725 nostrum
260 682 293 723 illi
309 686 441 736 exponentes
457 682 484 724 de
503 696 541 723 suo
561 696 612 736 sepe
628 683 720 724 existere
737 682 849 735 certiores3
872 697 946 725 verum
962 685 1003 726 etsi

148 769 191 797 non
206 757 231 796 ut
245 753 359 806 vellemus,
381 753 437 795 sicut
455 757 533 801 tamen
547 768 661 808 possumus
680 754 793 796 visitantes
809 754 901 797 latorem
916 769 1002 809 presen-

147 826 203 868 tium
218 825 280 868 nobis
297 825 465 879 devotissimum,
487 824 529 866 tibi
549 824 699 867 fidelissimum
721 824 745 867 Τ.
768 826 837 867 nostri
853 829 875 867 et
890 827 922 868 tui
938 828 1003 869 etiam
1060 823 1068 855 ³s

149 897 244 951 corporis
260 896 368 938 medicum
384 896 412 938 ad
427 900 488 937 tuam
504 895 604 938 duximus
616 897 749 950 presentiam
762 895 921 951 destinandum,
939 912 1003 952 quae-
1060 892 1068 959 ᾗ

150 968 253 1022 damper
269 967 362 1009 eundem
377 968 509 1021 intimantes,
526 980 567 1021 que
582 967 661 1009 litteris
678 982 721 1009 non
736 966 823 1009 fuerant
843 969 1003 1011 committenda.
1024 989 1026 991 ·
1060 979 1066 1012 ῑ,

149 1038 262 1082 Credimus
279 1040 336 1080 enim
352 1042 373 1080 et
386 1041 486 1093 exparte
499 1038 654 1092 cognoscimus,
673 1038 731 1092 quod
744 1053 870 1081 susurrones
884 1043 906 1081 et
922 1040 1005 1082 detrao-

149 1114 207 1153 tores
224 1110 313 1164 quidam
335 1110 361 1152 de
382 1114 404 1151 te
426 1109 488 1152 nobis
511 1113 532 1150 et
553 1109 591 1150 alii
611 1109 651 1150 tibi
670 1109 696 1150 de
712 1109 775 1152 nobis
791 1110 901 1152 interdum
917 1111 1006 1153 sinistra
1067 1123 1070 1166 j

149 1186 273 1236 proponunt
289 1184 417 1234 asserentes
434 1180 492 1234 quod
507 1194 559 1233 erga
574 1183 596 1221 te
611 1181 634 1221 in
649 1179 707 1223 facto
723 1180 896 1224 Lombardorum
915 1186 937 1224 ct
953 1182 1005 1225 Gre-
1067 1184 1072 1231 j

150 1268 225 1297 corum
246 1252 381 1295 ambulemus
403 1252 466 1294 aliter
489 1266 554 1305 quam
576 1251 668 1293 deceret.
699 1251 781 1294 Vermn
800 1253 887 1307 quidem
906 1252 1005 1308 fatemur,

151 1325 209 1380 quod
224 1323 369 1377 Lombardos‚
392 1323 430 1377 qui
449 1323 514 1365 utiles
535 1322 597 1365 nobis
617 1323 735 1365 extiterunt
752 1324 869 1366 admodum
888 1328 910 1367 et
928 1325 1006 1377 deuoti,

150 1411 194 1439 non
212 1409 327 1451 possumus
349 1409 392 1436 non
415 1407 496 1445 amare3
520 1407 594 1435 verum
615 1396 689 1434 tamen
708 1393 799 1436 dicimus
819 1399 841 1437 et
858 1395 1007 1438 indubitanter

151 1473 225 1510 tenere
240 1471 262 1508 te
278 1467 383 1520 uolumus7
400 1465 458 1520 qnod
474 1478 510 1507 eos
526 1468 602 1507 contra
621 1464 725 1507 honorem
740 1469 802 1507 tuum
817 1466 851 1508 rel
867 1467 953 1522 imperii
967 1482 1007 1510 nec

153 1539 262 1594 diligimus
277 1552 317 1580 nec
332 1537 438 1591 fouemus,
460 1537 532 1591 potius
552 1549 588 1578 eos
607 1535 636 1577 ad
654 1539 754 1591 treugam
769 1537 898 1580 seruandam
914 1542 936 1581 et
951 1553 1007 1581 com·

152 1611 238 1666 pianda,
255 1624 297 1664 que
313 1610 398 1663 desunt7
415 1612 437 1650 et
451 1621 528 1662 paoem
542 1610 603 1648 tuam
620 1607 695 1650 deuote
711 1610 793 1662 pariter
809 1613 831 1651 et
849 1609 960 1652 humiliter
974 1624 1008 1652 re·

153 1682 281 1737 quirendam
296 1695 335 1735 per
350 1680 440 1722 nuncios
459 1682 545 1720 nostros
564 1681 586 1720 et
605 1692 655 1720 suos
674 1682 696 1720 et
717 1680 798 1734 scripta
817 1680 937 1735 apostolica
955 1681 1008 1723 inri—
1072 1685 1073 1688 ’

152 1754 253 1796 lauimus.
285 1752 348 1806 Quod
370 1755 443 1793 autem
464 1750 569 1804 impedire
591 1749 685 1804 dicatur,
707 1764 746 1805 per
763 1751 856 1794 latorem
875 1752 1009 1807 presentium

152 1825 237 1880 plenius
252 1825 384 1866 intimamus.
416 1821 461 1864 Nec
476 1821 499 1863 in
514 1824 609 1863 mentem
624 1822 703 1876 ueniat,
723 1822 778 1864 siout
793 1837 832 1865 nec
848 1824 921 1865 venire
938 1823 1008 1877 debet,
1071 1827 1073 1845 ³

154 1897 212 1950 quod
228 1895 299 1950 Greci,
316 1897 353 1950 qui
368 1894 422 1936 fines
437 1893 523 1948 imperii
540 1896 561 1934 et
576 1906 603 1935 ex
618 1896 681 1947 parte
696 1893 717 1935 b.
730 1893 792 1935 Petri
807 1895 963 1948 patrimonium
978 1884 1009 1936 in-

153 1972 262 2021 vaserunt,
279 1967 302 2009 id
317 1967 428 2010 uoluntate
441 1968 516 2007 nostra
528 1965 717 2019 praesumpserint
725 1965 759 2006 vel
769 1979 866 2019 assensu
883 1980 931 2007 cum
944 1966 1010 2008 etiam

154 2043 179 2081 ut
194 2040 316 2094 accepimus
332 2038 387 2090 illos,
405 2050 458 2090 quos
477 2036 505 2077 ad
521 2049 583 2077 suam
598 2035 732 2078 uoluntatem
747 2035 869 2090 inflectunt,
891 2038 963 2079 iurare
979 2036 1010 2079 fa-

155 2113 219 2164 ciant,
237 2125 259 2153 se
275 2110 336 2152 illum
351 2108 464 2150 habituros
480 2121 519 2161 pro
537 2120 605 2160 papa,
625 2120 689 2160 quem
708 2106 766 2148 idem
782 2106 847 2149 Greci
867 2108 1011 2163 apostolicum

154 2182 309 2238 reputaverint.
340 2180 417 2223 Potius
439 2178 549 2220 intellecto
571 2190 646 2219 eorum
667 2179 778 2233 proposito
799 2178 913 2221 confestim
933 2179 961 2221 ad
980 2180 1011 2221 di-

154 2255 222 2298 lectos
238 2253 293 2296 filios
309 2256 406 2305 nostros,
428 2249 512 2293 nobiles
530 2249 587 2291 uiros
603 2247 736 2306 Rtogerium)
759 2251 859 2292 comitem
875 2249 974 2292 Andriae
991 2254 1013 2292 et

155 2327 257 2369 comitem
275 2323 420 2376 Tammedmn,
442 2322 526 2376 regium
547 2314 720 2374 consobrinum1,
743 2319 859 2376 magistros
881 2321 1012 2365 iusticiarios

156 2402 178 2441 et
196 2411 285 2452 magnos
307 2393 465 2438 comestabulus
484 2392 564 2448 Apulia
587 2395 608 2433 et
624 2391 691 2435 Terre
712 2392 806 2435 Laboris
828 2395 904 2435 contra
926 2393 1012 2436 eosdem

156 2470 238 2513 Grecos
254 2468 336 2522 scripta
352 2467 476 2509 direximus.
508 2463 551 2517 Qui
566 2465 647 2518 statim,
664 2467 689 2506 ut
704 2464 767 2507 nobis
781 2465 825 2506 suis
840 2464 920 2506 litteris
936 2465 1012 2507 rescri-

156 2544 255 2597 pserimt,
277 2540 396 2593 universos,
419 2538 457 2592 qui
479 2537 505 2578 de
525 2540 585 2577 terra
606 2535 716 2577 karissimi
737 2537 760 2577 in
776 2535 862 2578 Christo
883 2534 923 2577 filii
944 2536 1014 2579 nostri

156 2612 275 2669 Wtillelmi)
291 2611 382 2653 illustris
395 2609 469 2652 Sicilie
484 2608 541 2662 regis
559 2606 586 2649 ad
602 2606 695 2649 solidum
707 2606 795 2649 illorum
807 2610 954 2661 perrexerant
973 2607 1013 2649 sub

156 2699 213 2740 pena
228 2696 370 2739 personarum
386 2684 408 2723 et
422 2694 496 2722 rerum
512 2679 607 2721 omnium
623 2692 712 2720 suarmn
725 2678 753 2720 ab
766 2677 883 2721 eorundem
895 2676 1014 2720 Greoorum

157 2756 237 2799 auxilio
253 2756 389 2798 reuocarimt.
415 2750 521 2794 Omittere
534 2753 607 2792 autem
622 2764 666 2792 non
678 2764 800 2804 possumus,
817 2748 875 2803 quod
885 2749 1013 2802 Mareliiam

157 2842 199 2883 que
216 2830 319 2882 exparte
336 2825 364 2868 ad
379 2823 494 2879 imperium
510 2825 531 2864 et
547 2835 574 2863 ex
589 2821 684 2862 maxima
699 2824 762 2875 parte
781 2820 809 2863 ad
825 2821 939 2863 ecclesiam
955 2835 1014 2876 spec-

157 2903 197 2954 tar,
214 2899 265 2941 dum
281 2912 367 2940 eramus
382 2895 480 2938 Venetiis
496 2895 622 2949 praesentes
639 2893 703 2947 quasi
715 2892 755 2935 sub
772 2892 839 2936 oculis
855 2893 935 2935 nostris
951 2892 1014 2935 nobis

218 3031 225 3049 ¹
237 3029 329 3065 Comitem
342 3028 394 3073 Liuii,
407 3030 449 3074 post
461 3036 523 3072 regem
536 3024 614 3060 Siciliae.
