2154 3394
323 177 441 213 Onnnnrrrs
454 187 479 213 m
490 185 604 213 nrisronnn
616 177 650 212 391
871 166 913 207 239

57 284 200 341 apostolicam
215 284 394 327 benedictionem.
425 284 506 328 Dilecti
521 284 561 327 filii
576 284 645 327 nostri
661 283 743 326 abbas1
759 288 781 327 et
796 284 875 327 iratres
892 284 913 327 S.
949 284 1005 322 1188

9 361 11 363 ’
58 356 157 400 Ghisleni
175 357 305 398 transmissa
320 356 382 399 nobis
399 358 554 412 conquestione
575 359 757 410 monstraverunt,
779 356 844 411 quod,
866 343 1026 398 cumFelffl·
1060 358 1062 361 ’

8 421 11 424 ¹
58 428 150 471 ecclesia
166 442 241 471 eorum
257 442 283 470 ex
297 428 412 483 largitione
425 430 582 484 imperatorum
596 432 617 471 et
629 442 705 483 regum
722 429 857 483 preoinctum
872 428 915 471 loci

9 522 11 559 ᾗ
59 500 172 543 cuiusdam
185 488 201 542 a
216 499 304 542 flumine
320 499 402 543 Wamii
416 514 486 555 usque
507 500 536 542 ad
550 499 671 554 fluviolum,
692 500 730 555 qui
744 499 847 542 Haneton
863 500 914 542 dici-

8 605 11 607 —
59 576 102 626 tur,
118 572 141 613 in
156 571 202 626 giro
215 585 285 626 usque
298 571 326 614 ad
339 586 425 627 aquam,
443 586 499 626 quae
511 571 585 613 Haina
597 574 694 625 vocatur,
711 572 768 613 sicut
782 574 829 613 tam
843 572 867 613 in
883 586 915 613 se-

60 643 93 685 dis
108 642 248 702 ,apostolicae
270 657 336 698 quam
357 644 380 685 in
404 643 551 698 imperatoriis
575 643 694 698 privilegiis
723 643 855 697 continetur,
878 643 916 684 diu

7 742 10 761 ,1
59 715 204 770 possederunt
222 715 359 769 inconcusse,
378 715 458 758 nobilis
477 714 556 757 mulier
570 714 676 771 B(eatrin)
696 714 722 756 de
738 714 825 757 Boussu
840 718 916 757 contra

59 786 173 841 privilegia
187 786 236 840 ipsa
251 787 339 829 veniens
356 785 464 840 quaedam
479 786 502 827 in
517 786 652 840 praescripto
667 786 715 829 loco
732 785 774 828 sibi
792 789 869 829 contra
884 786 915 827 iu-

60 859 143 900 stitiam
162 857 277 900 vendicare
295 858 422 913 praesumit.
454 857 490 899 Ad
507 857 562 899 haec
582 872 631 899 cum
646 857 673 900 G.
693 856 803 911 quondam
820 857 854 899 vir
870 857 916 899 eius

7 943 9 945 ’
59 930 82 972 in
98 933 161 983 curte,
175 943 221 983 sna,
235 943 291 983 quae
306 930 329 970 in
341 929 446 984 parochia
458 929 620 984 praedictorum
632 929 725 971 fratrum
738 929 844 983 consistit,
858 928 916 971 aedi-

4 996 8 1040 ζ
60 1000 148 1043 ficasset
164 1001 270 1055 capellam
286 1004 308 1042 et
323 1015 415 1043 assensu
431 1000 517 1043 abbatis
534 1003 555 1042 et
570 1000 664 1042 fratrum
678 1001 776 1056 ipsorum
792 1014 831 1055 per
846 1000 917 1043 bonae

4 1062 5 1065 Ἴ
60 1073 177 1115 memoriae
199 1071 327 1115 Samsonem
347 1072 478 1114 Remensem
500 1071 610 1126 quondam
632 1061 818 1127 archiepiscopum
839 1071 918 1114 fivisset

60 1146 81 1186 ei
94 1144 234 1199 cappellanus
248 1157 369 1198 concessus,
384 1143 506 1186 conditione
519 1143 559 1185 tali
575 1144 667 1198 adiecta,
680 1144 782 1186 videlicet
798 1143 857 1198 quod
868 1157 917 1186 con-

60 1219 95 1258 tra
110 1215 401 1270 prohibitionempraedicti
417 1215 504 1257 abbatis
522 1215 594 1258 divina
606 1216 629 1257 in
642 1230 668 1258 ea
683 1230 728 1259 non
740 1215 830 1258 deberet
846 1214 918 1258 officia

4 1320 5 1323 ¹
60 1286 181 1340 celebrare,
203 1286 281 1328 mulier
300 1286 401 1341 praefata
420 1290 496 1329 contra
514 1286 555 1329 hoc
574 1287 647 1329 venire
663 1302 707 1330 non
722 1287 824 1329 dubitans
844 1287 867 1328 in
883 1301 917 1328 ca-

60 1358 119 1413 pella
133 1358 182 1412 ipsa
197 1357 326 1412 prohibente
343 1358 423 1400 abbate
436 1358 509 1399 divina
521 1357 575 1399 iacit
587 1357 659 1400 officia
672 1358 784 1400 celebrari.
811 1358 865 1401 (lum
877 1359 917 1400 ita-

62 1443 103 1484 que
120 1429 177 1471 sedis
193 1429 326 1483 apostolicae
345 1430 459 1485 privilegia
477 1432 606 1484 perpetuam
624 1433 699 1472 tenere
718 1430 812 1472 debeant
827 1429 918 1472 firmita-

61 1504 112 1554 tem,
132 1500 229 1543 volentes
252 1500 355 1542 abbatem
375 1501 447 1556 ipsmn
463 1504 485 1542 et
503 1500 582 1542 fratres
601 1501 624 1542 in
640 1515 680 1543 sua
694 1502 782 1544 iusticia
798 1501 917 1555 confovere,

62 1571 188 1614 discretioni
202 1574 288 1613 vestrae
300 1586 340 1627 per
353 1572 473 1627 apostolica
486 1572 568 1627 scripta
580 1573 716 1627 mandamus,
733 1577 840 1627 quatenus
853 1587 918 1628 prae-

61 1643 130 1685 fatam
151 1642 264 1685 mulierem
281 1643 308 1686 ab
324 1643 423 1685 indebita
444 1643 531 1686 abbatis
552 1647 574 1686 et
593 1643 686 1686 fratrum
705 1659 770 1700 super
788 1645 842 1699 hiis,
863 1659 919 1699 qliae

61 1714 216 1770 praediximus,
233 1718 255 1757 et
271 1715 319 1757 aliis
332 1716 447 1758 venatione
464 1714 576 1769 desistere,
592 1730 631 1771 per
647 1716 806 1759 districtionem
819 1716 919 1759 ecclesia-

62 1787 140 1828 sticam
155 1785 241 1829 sublato
258 1786 410 1842 appellationis
430 1785 518 1840 diffugio
535 1787 679 1842 compellatis,
702 1788 767 1830 nullis
786 1788 866 1832 litteris
882 1788 919 1831 ob-

62 1856 178 1911 stantibus,
196 1858 214 1899 si
231 1872 287 1912 quae
303 1859 444 1913 apparuerint
461 1858 504 1900 hiis
524 1859 599 1901 tacitis
621 1873 634 1900 a
650 1859 701 1901 sede
717 1859 837 1915 apostolica
852 1860 919 1915 impe-

62 1932 140 1970 tratae.
173 1927 236 1982 Quod
252 1930 271 1971 si
287 1944 361 1972 omnes
376 1930 418 1971 hiis
435 1930 568 1984 exequendis
584 1931 725 1985 nequiveritis
740 1932 856 1985 interesse,
878 1931 920 1974 duc

63 2003 160 2042 vestrum
176 2014 201 2042 ea
216 2000 357 2043 nihilominus
374 2004 515 2055 exequantur.
547 2000 630 2044 Datum
645 2001 752 2044 Laterani
767 2002 803 2044 ΙΠ
813 2002 920 2045 Oalendas
936 2031 938 2033 -

63 2071 144 2125 Martii,
160 2070 300 2126 pontificatus
316 2073 387 2126 nostri
403 2087 459 2115 anno
475 2073 552 2127 primo.

62 2240 118 2303 Δ391.
137 2241 228 2280 Glauctas
243 2242 277 2280 HI
289 2242 340 2281 irater
355 2243 501 2282 rraercosterc'aor
517 2242 537 2281 S.
556 2243 635 2281 [distorti
647 2247 664 2282 et
679 2244 788 2282 Bootrr'ceur
804 2245 826 2283 do
841 2244 922 2283 Bocssu

138 2317 204 2352 aarum
219 2326 232 2352 c
243 2314 333 2363 delepcdts
349 2315 461 2364 apostolicis
479 2327 538 2364 scqver
552 2315 714 2364 possessionibus
730 2315 850 2366 quibusdam
870 2317 921 2356 cobi-

138 2385 201 2424 abac
212 2385 288 2435 probat.
400 2372 405 2379 ⁵

182 2453 230 2489 Bibl.
243 2457 281 2489 nat.
294 2453 352 2490 Paris.
365 2466 399 2490 ms.
412 2454 445 2490 lat.
460 2454 523 2491 12674.
540 2454 572 2490 fol.
585 2454 634 2490 21110.
653 2467 712 2491 manu
725 2467 739 2491 s.
751 2465 805 2493 XVH.

124 2548 223 2591 Clemens
246 2550 360 2605 episcopus
381 2564 455 2592 servus
478 2565 588 2593 servorum
603 2549 646 2593 Dei
662 2551 747 2594 dilectis
766 2551 817 2594 filiis
833 2551 921 2594 abbati2
949 2561 1006 2600 1188

66 2623 88 2662 et
104 2621 218 2663 conventui
234 2620 309 2664 Sancti
325 2621 424 2665 Ghisleni
440 2622 533 2664 salutem
550 2625 572 2663 et
584 2623 728 2677 apostolicam
740 2623 920 2666 benedictionem.
934 2622 1022 2661 Iun-15.

64 2691 105 2746 Ea,
119 2706 175 2746 quae
186 2692 271 2735 anobis
283 2694 369 2736 ratione
381 2694 470 2748 praevia
483 2696 620 2748 expetvmtur,
634 2695 707 2737 animo
718 2709 757 2737 nos
771 2694 833 2736 decet
845 2694 923 2736 libenti

65 2763 183 2806 concedere
200 2766 221 2805 et
237 2763 315 2806 effectu
326 2768 472 2820 prosequente
485 2765 599 2820 complere.
622 2764 677 2807 Oum
688 2767 763 2821 itaque
777 2780 849 2820 causa,
867 2780 923 2820 quae

65 2835 123 2877 inter
139 2835 253 2878 ecclesiam
268 2840 365 2879 vestram
381 2839 403 2878 et
417 2835 513 2879 nobilem
525 2837 639 2879 mulierem
647 2836 786 2894 Bteatricem)
800 2837 826 2880 de
836 2837 924 2881 Boussu

66 2920 131 2961 super
153 2906 284 2961 quibusdam
305 2909 379 2963 terris,
402 2908 532 2962 redditibus,
554 2908 678 2951 hominibus
698 2912 720 2951 et
735 2910 798 2963 aquis
816 2909 924 2952 hactenus

66 2977 201 3032 vertebatur,
222 2993 261 3033 per
283 2979 394 3034 delegatos
416 2980 498 3023 iudices
514 2994 541 3022 ex
557 2979 693 3035 delegatione
714 2980 771 3022 sedis
790 2981 925 3036 apostolicae

76 3115 77 3118 ,
126 3085 262 3136 1Lanrbertus.
313 3087 438 3124 *²Lamberto.
