2178 3376
176 141 218 181 124
441 149 553 189 Hrnnrnnr
565 158 588 184 rr
604 158 716 185 nrrsrcnna
729 149 763 185 228

92 258 148 297 1156
175 258 209 313 pis
228 258 321 300 salutem
342 260 364 300 et
384 257 527 312 apostolicam
547 257 725 300 benedictionem.
757 257 818 301 Sicut
832 256 926 300 filiorum
946 262 1029 301 nostro-

78 319 136 358 ΜΝ·
145 318 163 356 3·
176 344 225 372 rum
240 329 386 386 ll(anegandi)
403 328 489 371 abbatis
505 331 527 370 et
538 328 694 372 monachorum
707 329 826 372 aecclesiae
839 330 909 371 sancti
917 329 1030 372 Michaelis

177 402 306 443 transmissa
321 415 391 455 nuper
406 401 434 443 ad
449 415 488 443 uos
502 400 655 454 conquestione
671 401 778 455 pervenit,
797 400 876 443 nobilis
892 401 926 442 vir
941 401 1030 443 Rainal-
1083 394 1087 416 ⁴

176 472 215 514 dus
232 486 302 515 comes
319 472 345 514 de
360 472 411 527 Bar,
431 473 508 514 timore
523 471 566 513 Dei
581 472 701 527 postposito
718 475 740 514 et
754 473 876 514 reverentia
891 486 966 515 sacrae
981 473 1030 514 reli-

175 544 245 598 gionis
261 543 352 598 abiecta,
368 544 400 586 ita
416 558 453 586 eos
469 543 608 599 persequitur
624 548 645 585 et
660 542 758 597 infestat,
779 546 804 586 ut
818 544 854 585 vir
869 544 913 586 iam
929 545 959 586 eis
978 558 1030 599 prae
1085 580 1087 582 μ

156 669 158 673 ι
177 606 233 657 'llius
257 619 278 657 et
299 615 443 670 quorumdam
464 615 556 657 aliorum
575 615 725 670 persecutione
747 616 850 669 supersit,
867 615 924 657 unde
940 615 1031 671 simplex

175 687 228 742 ipsis
253 687 324 729 valeat
346 687 449 730 alimonia
470 687 588 741 pervenire.
620 685 682 728 Bona
704 686 811 740 siquidem
830 700 904 729 eorum
925 691 971 729 tam
992 702 1031 742 per
1087 725 1089 745 3,

176 772 199 800 se
215 772 280 813 quarn
295 772 334 813 per
351 758 467 801 advocatos
484 760 505 800 et
520 758 631 800 ministros
647 772 697 801 suos
715 757 807 812 diripere
823 761 845 799 et
861 758 958 801 homines
973 756 1030 814 ipso·
1086 782 1089 815 ’ἶ

175 844 224 871 rum
247 829 351 872 indebitis
373 829 522 872 exactionibus
544 832 566 871 et
587 829 681 883 angariis
705 843 749 871 non
771 829 850 871 desinit
872 844 986 884 agrarare,
1010 834 1031 872 et
1087 831 1089 853 ³

176 915 224 943 cum
240 901 309 944 felicis
328 901 431 944 memorie
451 915 508 955 papa
524 900 635 954 Eugenius
654 899 794 955 predecessor
811 905 885 943 noster
901 901 1031 956 cpiibusdam
1087 903 1088 908 ’

175 976 271 1014 restrum
288 973 314 1015 de
329 974 388 1015 illins
401 972 554 1026 redargutione
571 972 652 1026 scripta
665 986 704 1013 sua
716 972 869 1026 transmiserit,
885 973 952 1015 multo
968 973 1031 1027 plura

176 1048 198 1086 et
213 1045 313 1098 graviora
328 1045 387 1086 mala
403 1045 433 1086 eis
446 1043 591 1098 postmodum,
607 1046 632 1084 ut
645 1043 730 1096 dicitur,
743 1043 852 1097 irrogarit.
877 1042 904 1085 ln
917 1059 960 1099 quo
973 1044 1030 1087 iacto

175 1115 243 1170 vobis,
260 1116 298 1170 qni
313 1116 424 1170 regiminis
439 1115 511 1158 locum
526 1116 549 1156 in
561 1114 641 1169 populo
651 1114 693 1156 Dei
705 1115 791 1168 tenetis,
807 1114 963 1169 providendum
978 1130 1030 1158 rina-

175 1187 263 1229 nimiter
279 1187 383 1229 attentius
400 1190 421 1228 et
436 1187 565 1239 timendum,
584 1200 621 1240 ne,
641 1187 659 1227 si
675 1185 730 1228 forte
748 1186 828 1241 inprme
846 1186 883 1228 ille
901 1187 1031 1229 tirannidem

176 1272 238 1300 stiam
254 1272 318 1313 super
335 1257 447 1300 ecelesiam
462 1257 505 1300 Dei
527 1258 608 1299 diutius
625 1258 753 1311 exercuerit,
776 1259 799 1299 in
814 1258 934 1312 periculum
950 1260 1031 1301 anima-

175 1344 224 1371 rum
237 1333 359 1371 uestrarum
369 1328 454 1383 debeat,
471 1328 529 1382 quod
539 1332 624 1370 avertat
632 1327 745 1382 Dominus,
756 1328 884 1371 redundare.
909 1329 1032 1385 Eapropter

176 1400 308 1443 fraternitati
324 1405 409 1443 restrae
424 1414 463 1455 per
479 1399 599 1454 apostolica
614 1401 696 1454 scripta
708 1399 842 1453 mandamus,
859 1401 967 1455 quatinus,
984 1401 1031 1443 dili-

177 1472 250 1526 gentia
259 1471 379 1527 pontificali
393 1471 491 1514 adbibita
504 1472 604 1525 omnique
616 1471 743 1513 remissione
755 1486 781 1513 ac
796 1471 910 1526 tepiditate
926 1477 1031 1526 cessante,

176 1543 285 1598 prefatum
301 1543 402 1586 comitem
418 1543 536 1584 districtius
556 1542 672 1596 moneatis,
695 1545 719 1584 ut
740 1557 806 1596 supra
825 1542 881 1585 dicto
900 1544 1031 1587 monasterio

176 1616 250 1668 inique
269 1615 344 1656 ablata
362 1615 471 1667 restituat,
493 1614 590 1667 irrogata
612 1614 692 1656 damna
712 1614 827 1668 resarciat,
850 1615 877 1656 ab
899 1615 944 1656 eins
966 1615 1031 1658 mole-

177 1686 224 1728 stiis
241 1689 262 1728 et
278 1685 432 1740 depredatione
449 1685 541 1727 desistat
560 1689 581 1727 et
596 1685 694 1728 homines
709 1685 778 1739 ipsius
798 1685 900 1727 indebitis
916 1686 1031 1729 exactioni-

177 1757 216 1800 bus
233 1760 255 1799 et
270 1757 363 1799 servitiis
380 1770 498 1811 aggravare
514 1756 540 1799 de
557 1760 628 1799 cetero
644 1771 688 1798 iton
700 1759 818 1810 presumat.
849 1756 872 1799 Si
884 1771 934 1800 nero
952 1771 1032 1800 ammo·

176 1828 254 1871 nitioui
275 1831 346 1870 vestre
368 1841 433 1882 super
454 1827 488 1870 his
512 1827 631 1870 decreverit
646 1820 783 1881 obviandum,
805 1828 1031 1871 excommunicationis

177 1914 226 1941 eum
247 1899 332 1942 vinculo
350 1899 458 1941 innodetis
481 1902 503 1941 et
518 1898 546 1941 ad
562 1913 719 1953 quemcumque
734 1899 807 1941 locum
826 1898 944 1954 devenerit,
965 1891 1032 1942 donec

176 1985 265 2025 presens
281 1970 355 2023 inerit,
378 1970 449 2012 divina
465 1970 495 2012 ibi
511 1957 644 2025 prohibeatis
661 1969 733 2012 officia
752 1970 864 2012 celebrari.
895 1970 946 2013 Dat.
963 1970 1031 2013 Bene-

176 2042 235 2083 venti
250 2040 277 2083 V.
293 2040 347 2084 Non.
364 2042 428 2084 Mart.

177 2186 234 2229 228.
250 2187 367 2226 Hadrianus
379 2187 413 2225 IV
423 2188 508 2241 perpatulo
521 2188 655 2237 ,traciana-east
671 2184 743 2236 scribit,
759 2200 800 2226 scae
815 2188 974 2227 coronandam
990 2189 1032 2227 eina

251 2259 274 2297 ia
290 2259 381 2308 elipante
397 2259 491 2309 qsiscopis
507 2259 626 2298 obseruatum
638 2258 720 2308 prendas
735 2245 877 2298 destinavisse(

300 2338 348 2374 aibr.
361 2342 399 2374 naa.
412 2338 470 2374 rans.
484 2339 530 2374 oon.
543 2339 614 2374 Batnae
627 2339 661 2374 aaa
673 2338 705 2374 fr..
718 2339 752 2373 aar
765 2350 823 2374 manu
835 2351 849 2375 s.
862 2322 914 2375 nvn.

238 2445 349 2488 Adrianus
365 2446 479 2500 episcopus
495 2460 570 2488 servus
586 2460 697 2489 servorum
709 2445 751 2487 Dei
768 2446 852 2488 dilectis
867 2445 917 2488 filiis
933 2447 1032 2489 universo

179 2517 274 2572 capitulo
290 2503 442 2571 Andegavensi
458 2517 552 2559 salutem
567 2520 589 2559 et
604 2516 747 2572 apostolicam
762 2516 940 2560 benedictionem.
963 2516 1034 2559 Causa

179 2603 244 2644 super
260 2590 406 2632 controversia
425 2588 451 2631 de
470 2589 575 2630 electione
595 2587 703 2643 pontificis
724 2601 763 2642 per
779 2588 947 2643 appellationem
964 2589 1033 2630 karis-

178 2661 227 2703 simi
237 2662 265 2719 in
281 2659 367 2702 Christo
382 2659 431 2702 filiii
446 2661 515 2703 nostri
530 2661 587 2714 regis
603 2659 738 2713 anglorum
751 2658 780 2700 ad
792 2660 924 2713 presentiam
936 2663 1034 2702 nostram

178 2732 251 2775 delata
272 2735 294 2774 et
316 2731 447 2786 quibusdam
469 2731 495 2774 de
516 2730 621 2773 tratribus
643 2730 721 2772 restris
743 2744 782 2784 pro
804 2730 879 2774 eodem
899 2732 986 2785 negotio
1007 2745 1034 2773 ex

178 2807 250 2846 restra
265 2808 327 2859 parte
336 2804 430 2856 directis,
447 2803 608 2845 venerabilibus
622 2816 708 2857 quoque
718 2800 822 2844 fratribus
832 2803 912 2845 nostris
921 2802 1033 2859 Rtotrodo)

178 2875 306 2918 Ebroicensi
328 2879 350 2917 et
371 2874 494 2931 Gtuilelmc)
517 2873 673 2916 Cenomanensi
698 2873 804 2928 episeopis
830 2878 851 2916 et
876 2874 960 2916 dilectis
983 2873 1033 2915 filiis

179 2948 258 2990 nostris
282 2947 395 3002 It(oberto)
419 2946 498 2989 abbate
523 2945 551 2988 S:
567 2945 642 2988 Albini
667 2948 689 2987 et
711 2943 737 2987 G.
761 2944 842 2988 decano
867 2945 887 2988 S.
910 2944 982 2987 Laudi
1006 2945 1033 2987 ab

239 3056 245 3074 ³
258 3054 341 3091 Henrici
