2154 3394
357 180 481 216 Oonnnsrnu
492 191 517 216 111
529 190 641 218 nrrsronnn
653 182 690 216 424
908 171 951 212 267

95 289 230 345 apostolatus
246 289 315 332 nostri
330 289 465 345 perveniunt,
488 303 544 344 quae
560 304 604 331 non
624 289 706 332 soluma
724 293 801 332 eontra
821 289 951 344 pontificalis
965 288 1076 328 1191—98.

95 361 176 404 ordinis
183 362 313 417 grauitatem
320 361 359 404 sed
365 364 387 404 et
393 361 416 403 in
425 360 584 415 praeiudicium
594 364 616 404 et
623 361 714 404 militiae
724 360 830 403 clericalis
840 360 952 404 infamiam

95 433 269 488 committuntur,
291 433 352 488 gravi
369 432 467 486 quamvis
482 446 580 476 moerore
603 431 729 476 conficimur
751 436 781 487 et,
802 436 908 487 quantum
927 447 953 475 ea

95 507 167 547 mente
179 505 292 559 volvimus,
307 505 413 548 intensior
424 504 484 547 cordi
494 507 569 547 nostre
582 503 644 547 dolor
657 504 786 546 cumulatur.
812 503 866 547 Cum
878 504 953 559 itaque

94 576 214 618 venerabili
231 576 295 619 tratri
309 579 384 619 nostro
395 575 584 619 -Eooraceustumh
601 575 763 630 archiepiscopo
779 576 873 629 gratiam
888 577 953 618 istam

96 648 204 691 communi
213 648 306 691 flatrum
318 651 443 691 nostrorum
456 647 545 691 consilio
559 650 581 689 et
594 646 751 689 deliberatione
763 646 884 701 fecerimus,
893 635 954 702 'quod

95 719 241 762 venerabilem
256 719 347 769 fratrem
361 723 461 762 nostrum
475 718 659 761 Dunelmensem1
678 718 803 773 episcopum
819 718 900 761 dudum
915 733 954 774 per

71 775 75 783 Ι
96 790 164 834 felicis
180 792 298 834 memoriae
313 790 491 846 praedecessores
513 793 600 833 nostros
623 803 636 831 a
656 804 696 831 sua
714 790 864 832 iurisdictione
883 804 953 832 exem-

95 866 143 905 tum
157 863 181 904 in
196 863 242 905 eius
257 862 379 917 plenariam
394 865 526 917 potestatem
541 862 599 904 siout
613 861 776 916 metropohtani
794 862 878 916 proprii
893 861 954 904 rede-

96 935 197 988 gerimus,
214 937 236 977 et
247 934 320 988 ipsum
333 948 346 975 a
358 934 466 988 legatione
479 933 553 975 iratris
567 933 637 976 nostri
648 932 757 975 Etensis2
773 933 869 988 episcopi
881 947 954 975 eman-

97 1007 225 1061 ciparimns,
248 1008 361 1060 sperantes
384 1006 430 1048 eius
451 1019 518 1061 opera
533 1005 647 1047 maturiori
664 1004 765 1059 deinceps
780 1004 917 1058 providentia
933 1009 955 1047 et

97 1077 204 1132 gravitate
219 1110 359 1119 ........
364 1084 381 1129 ⁰3
405 1091 431 1119 en
446 1077 557 1131 insperato
574 1076 703 1130 accepimus,
719 1078 809 1130 propter
825 1077 954 1118 sententiam

98 1148 245 1204 suspensionis
261 1147 289 1190 ab
306 1148 364 1190 omni
383 1149 502 1204 episcopali
522 1151 543 1190 et
562 1147 693 1190 sacerdotali
709 1146 780 1190 officio
796 1150 819 1188 et
834 1161 955 1190 exeommu-

43 1277 45 1279 ,
97 1221 213 1263 nicationis
234 1220 257 1261 in
278 1220 350 1274 ipsum
369 1225 393 1262 et
414 1235 464 1264 suos
487 1223 509 1262 et
531 1219 637 1274 quosdam
656 1218 710 1261 alios
729 1221 811 1260 temere
829 1219 954 1275 iaculatam,

98 1306 164 1346 quam
178 1296 229 1346 post
243 1291 324 1333 multas
346 1290 491 1335 detractiones
514 1291 542 1333 ab
558 1291 673 1345 utriusque
691 1291 760 1345 partis
776 1292 955 1345 procuratoribus

98 1362 218 1405 celebratas
234 1363 320 1404 irritam
339 1362 516 1405 demmciarimus
535 1365 558 1404 et
572 1375 670 1416 manere,
689 1363 761 1417 ipsmn
776 1362 856 1404 itermn
872 1377 956 1406 excom-

97 1434 250 1476 municationis
267 1434 375 1476 sententia
390 1435 414 1476 in
429 1433 485 1476 festo
501 1433 659 1488 piniiicationis
675 1432 697 1475 S.
708 1433 805 1476 Mariae3
820 1434 957 1489 praedictum

98 1505 224 1561 episcopum
246 1508 267 1547 et
292 1505 381 1548 clericos
405 1519 454 1547 suos
477 1508 499 1547 et
524 1518 597 1547 omnes
619 1505 639 1547 ei
661 1505 846 1548 communicantes
866 1506 957 1549 innoda-

98 1576 148 1631 ritd,
170 1592 209 1632 per
235 1578 384 1632 episcopatum
410 1591 473 1619 suum
498 1576 596 1618 eamdem
620 1575 672 1618 fecit
696 1577 826 1619 sententiam
850 1577 957 1632 publicari

99 1648 139 1690 sub
156 1648 301 1691 anathematis
312 1649 489 1690 interminatione
505 1648 629 1702 prohibens,
642 1662 669 1690 ne
685 1662 725 1702 per
737 1649 887 1703 episcopatum
899 1648 958 1692 Ebc-

99 1733 211 1762 raoensem
232 1720 303 1763 eidem
328 1720 429 1775 episcopo
455 1734 468 1761 a
490 1733 600 1774 quoquam
622 1718 762 1762 exhiberetur
783 1719 902 1775 hospitium
923 1720 958 1763 rel
1002 1710 1004 1714 ”

100 1791 211 1845 quaelibet
228 1792 332 1834 victualia
350 1790 503 1843 uenderentum
527 1790 628 1845 quodque
651 1790 825 1834 crudelissimum
844 1794 866 1834 et
881 1792 959 1834 auditu

99 1866 133 1904 est
147 1862 261 1916 horribile,
278 1863 347 1905 altare
364 1862 390 1904 de
406 1862 516 1905 Boustant
530 1877 570 1917 pro
586 1876 618 1916 eo,
636 1862 694 1917 quod
711 1862 824 1917 praelatus
844 1865 958 1918 episcopus

98 1934 122 1975 in
138 1947 162 1976 eo
179 1932 297 1976 celebrarit
311 1948 351 1976 nec
368 1934 434 1976 alium
451 1933 598 1977 celebrantem
616 1933 708 1988 audivit,
729 1938 805 1977 contra
821 1948 906 1978 omnem
920 1950 958 1990 po-

99 2009 203 2048 testatem
219 2009 241 2047 et
255 2005 400 2048 reverentiam
415 2004 468 2048 Iesu
483 2005 565 2047 Christi
587 2005 684 2047 subuerti
705 2004 763 2048 lecit.
794 2005 898 2049 Nolentes
919 2008 959 2061 igi-

100 2080 143 2131 tur,
160 2076 218 2131 quod
232 2080 279 2118 tam
294 2090 371 2130 graves
391 2080 413 2119 et
432 2090 530 2120 enormes
550 2090 650 2119 excessus
667 2078 780 2120 occasione
795 2078 959 2122 benevolentiae

100 2152 189 2191 nostrae
205 2161 230 2190 ac
245 2149 361 2203 potestatis
381 2148 451 2190 eidem
470 2148 632 2203 archiepiscopo
649 2149 757 2203 gravitate
773 2149 893 2192 affectionis
912 2165 959 2205 spe-

101 2220 152 2262 ciali
167 2222 243 2262 contra
257 2223 346 2274 patrum
365 2234 390 2262 ac
408 2220 602 2274 praedecessorum
619 2223 744 2263 nostrorum
760 2224 845 2263 statuta
862 2222 961 2265 indultae

48 2315 50 2323 x
100 2291 203 2346 impuniti
217 2294 345 2333 remaneant
360 2293 382 2333 et
398 2291 447 2333 aliis
462 2292 604 2346 perpetrandi
622 2291 691 2334 simile
705 2292 768 2335 detur
784 2293 912 2349 exempliun,
929 2293 960 2336 di-

102 2356 204 2406 scretioni
219 2365 304 2405 restrae
320 2376 359 2417 per
375 2363 497 2417 apostolica
516 2364 598 2418 scripta
615 2363 744 2406 mandamus
765 2367 786 2406 et
802 2364 882 2407 diserte
897 2379 960 2420 prae-

102 2435 200 2489 cipimus,
216 2437 247 2489 ut,
264 2434 283 2476 si
299 2448 354 2488 quae
369 2433 517 2488 praediximus
533 2448 585 2477 vera
601 2449 648 2477 esse
663 2435 773 2490 noveritis,
790 2436 860 2478 dictas
876 2440 961 2479 senten-

102 2507 145 2548 tias
161 2506 291 2549 auctoritate
312 2508 388 2548 nostra
410 2506 496 2548 omnino
518 2509 629 2549 cassantes
652 2510 674 2549 et
695 2521 734 2561 per
756 2507 859 2559 ecclesias
877 2512 961 2550 uestras

102 2578 176 2619 irritas
202 2591 250 2620 esse
263 2576 437 2633 ,lrlenuntiantes
463 2576 633 2620 Dunelmensem
655 2578 780 2633 episcopum
805 2583 827 2621 et
848 2580 962 2622 ecclesiam

104 2663 166 2690 suam
173 2662 222 2691 cum
229 2648 328 2691 omnibus
341 2648 386 2690 suis
400 2648 485 2690 clericis
499 2652 520 2690 et
530 2649 627 2691 ecclesiis
638 2650 690 2704 suis,
703 2649 772 2693 donec
780 2650 839 2693 idem
848 2651 961 2706 episcopus

103 2720 187 2774 riserit,
203 2720 231 2763 ab
244 2719 429 2763 Eboracensiume
445 2719 658 2775 archiepiscoporum
669 2721 819 2765 iurisdictione
832 2722 962 2765 auctoritate

103 2794 185 2845 nostra,
203 2795 301 2839 cessante
317 2791 470 2847 appellatione,
486 2791 574 2846 penitus
590 2792 700 2848 eximatis,
717 2793 773 2835 sicut
789 2807 838 2835 eum
856 2794 963 2849 temporet

164 2905 172 2920 ἢ
184 2911 218 2932 nou
230 2901 285 2933 solum
298 2903 360 2935 ocldidz'.
439 2898 447 2919 ᾗ
460 2900 553 2932 Eberorum
572 2903 597 2932 ool
611 2901 706 2933 Ebororum
719 2915 731 2934 o.
803 2935 805 2938 ,
821 2905 915 2935 ⁰Zoccociu
927 2905 963 2936 cod.

105 2958 113 2978 (¹
126 2961 210 2993 innodatis
223 2973 235 2993 c.
285 2964 291 2979 θ
304 2962 398 2994 Ebororum
411 2974 424 2993 c.
473 2956 480 2978 f
491 2970 530 2992 eum
542 2963 618 3002 tempore
630 2964 688 3002 scrz'psc'
696 2958 727 3002 pro
740 2962 776 3004 ipse
788 2964 824 2995 cod.

165 3031 309 3078 ²Hug0nemt
323 3031 369 3067 1195
382 3035 415 3067 aut
428 3030 543 3077 Philippum.
603 3030 610 3049 ²
623 3030 720 3067 Guilielmi
732 3034 744 3075 t
757 3032 802 3067 1191
816 3035 849 3067 aut
860 3032 963 3070 Eustachii.

106 3090 113 3109 ³
125 3089 155 3126 die
168 3090 184 3126 2,
196 3090 250 3127 Febr.
