2154 3394
310 170 438 205 Annxnrnm
449 178 475 205 111
486 176 599 204 nursronrn
612 168 646 203 337
864 159 905 199 201

48 280 77 323 ad
92 278 197 321 moderna
212 281 310 333 tempora
325 277 431 320 beneficia
444 277 534 320 ecclesie
551 275 577 317 de
589 274 675 317 Burnea
691 275 750 319 soliti
762 274 844 318 fuerint
859 290 909 318 cum
922 282 992 322 1180?

48 350 174 404 integritate
189 350 310 404 percipere,
327 350 353 391 de
368 349 472 392 mandato
489 351 564 391 nostro
580 360 696 401 personam
711 347 752 390 tibi
768 347 797 390 ad
813 362 868 402 eam,
884 351 909 389 ut

48 421 173 474 ridebatur,
192 421 292 464 idoneam
310 424 472 477 presentarrmt,
494 418 538 461 XV
553 431 677 460 marcarum
695 419 823 473 pensionem
839 419 909 461 eidem

49 495 72 537 in
88 492 165 535 annuis
183 492 305 536 redditibus
327 495 472 547 assignantem
496 504 562 545 qnam
584 490 640 532 sicut
662 495 763 532 asserunt
784 491 812 533 ad
834 505 909 534 eorum

48 565 234 621 presentationem
249 565 348 620 benigue,
366 565 422 607 sicut
433 564 504 606 visum
520 565 559 615 est,
576 561 684 616 recepisti,
702 561 795 605 sediliis
808 563 908 617 ignoran-

49 636 108 679 tibus
122 650 195 678 coram
207 635 351 679 familiaribus
367 636 410 677 tuis
423 636 446 677 in
461 637 509 677 tota
525 633 617 675 ecclesia
633 647 671 688 pro
687 637 725 676 tue
740 634 859 677 volvmtatis
875 649 909 677 ar-

49 707 116 751 bitrio
138 707 244 762 statuisti,
266 708 289 750 in
311 722 353 762 quo
374 708 433 749 idem
453 706 514 762 prior
535 707 557 747 et
575 703 653 746 fratres
672 719 761 759 gravem
780 706 853 748 domui
872 721 909 749 sne

49 780 157 821 iacturam
173 782 334 833 conqueruntvu
352 778 434 821 inferri.
467 776 574 831 Quoniam
593 776 660 830 igitur
675 791 719 818 non
734 777 796 820 decet
814 781 836 820 te
851 779 909 821 viros

50 850 163 904 religiosos
179 850 202 891 in
217 864 255 893 suo
271 851 318 893 iure
334 863 434 904 gravare,
458 863 512 903 quos
535 862 562 890 11
581 847 654 890 debito
673 849 790 902 pastoralis
806 848 872 892 officii
889 854 910 892 et

49 921 159 975 legatione
175 922 293 975 apostolice
310 921 373 974 sedis,
391 934 434 975 qua
450 920 553 974 fungeris,
569 920 592 961 in
608 933 648 961 sua
660 920 740 961 teneris
756 920 843 963 iusticia
860 936 909 964 con-

50 993 133 1046 fovere,
155 992 288 1035 fraternitati
306 997 344 1035 tue
359 1007 398 1048 per
415 991 535 1047 apostolica
550 991 633 1045 scripta
647 991 783 1046 mandamus,
807 994 909 1047 quatinus

51 1065 135 1107 fructus
151 1065 271 1120 prescripte
288 1064 377 1107 ecclesie
394 1067 415 1106 et
431 1063 524 1106 aliarum
541 1062 681 1105 ecclesiarum
695 1076 783 1105 suarum
795 1065 909 1118 permittas

50 1139 182 1179 memoratos
198 1135 277 1178 fratres
292 1136 315 1178 in
332 1150 357 1178 ea
373 1135 475 1178 libertate
487 1136 606 1190 percipere,
622 1134 645 1175 in
658 1148 702 1188 qua
714 1135 849 1190 temporibus
861 1151 910 1192 pre-

52 1208 190 1250 decessorum
211 1211 299 1250 tuorum
320 1211 343 1249 et
363 1208 396 1249 tui
417 1207 485 1262 ipsius
507 1219 577 1260 usque
599 1204 627 1247 ad
647 1206 752 1248 moderna
770 1210 870 1263 tempora
889 1212 910 1250 et

50 1278 236 1335 presentationem
252 1279 348 1321 eiusdem
363 1293 456 1334 persone
471 1278 574 1320 habuisse
592 1280 716 1320 uoscuntrnz
748 1277 784 1319 Ad
799 1278 839 1321 heo
855 1280 910 1322 cari-

51 1353 120 1393 tatem
135 1353 197 1392 tuam
211 1364 313 1404 rogamus
330 1351 435 1392 attentius
452 1354 474 1392 et
488 1351 608 1403 hortamur,
624 1353 649 1391 ut
663 1354 807 1392 memoratam
823 1350 910 1393 domum

53 1422 119 1464 divini
135 1421 214 1464 amoris
230 1422 312 1463 intuitu
328 1425 349 1463 et
367 1425 492 1464 nostrarum
513 1435 602 1476 precmn
623 1421 714 1463 obtentu
729 1421 811 1463 habeas
828 1423 910 1477 specia-

52 1494 102 1535 liter
118 1493 291 1535 commendatam
307 1495 335 1546 et,
355 1507 368 1534 a
384 1495 509 1547 gravamine
524 1492 672 1547 predictorum
687 1491 780 1534 1111111111
797 1493 910 1547 desistens,

50 1568 144 1618 motum,
167 1564 186 1605 si
205 1578 269 1618 quem
284 1564 307 1605 in
323 1577 359 1606 101
376 1577 516 1619 conceperas,
537 1568 588 1619 post
602 1564 659 1606 iram
674 1564 821 1607 misericordie
840 1579 911 1608 recor-

54 1636 117 1678 datus
135 1634 258 1689 indulgeas,
281 1636 313 1677 ita
329 1635 386 1689 quod
408 1634 484 1677 aDeo
506 1635 613 1690 premium
633 1634 759 1677 indeficiens
779 1638 801 1677 et
820 1636 911 1679 anobis

53 1710 200 1762 competentes
215 1706 289 1749 valeas
305 1707 387 1761 gratias
404 1710 519 1761 expectare
535 1710 601 1761 atque
617 1721 656 1750 nos
672 1707 695 1748 in
710 1708 753 1749 tuis
766 1707 911 1762 peticionibus

51 1778 193 1821 admittendis
209 1777 317 1820 faciliores
334 1778 413 1820 debeas
429 1778 452 1819 111
468 1778 651 1832 subsequentibus
667 1778 770 1820 invenire.

51 1935 108 1980 337.
127 1936 237 1975 1111111111·
249 1935 284 1974 III
294 1936 758 1985 111011111101101111111οῖ11·11
773 1949 842 1976 eorum
858 1938 912 1977 eccle

91 2045 94 2048 .
127 2008 180 2047 staua
194 2007 286 2046 iraterdici
301 2010 361 2055 uetct;
377 2012 409 2046 oct.

263 2074 309 2120 Reg.
323 2074 375 2110 Alex.
389 2074 454 2121 fragm.
468 2086 496 2121 ep.
509 2075 563 2120 311.
576 2075 588 2110 1.
601 2075 633 2112 fol.
647 2076 695 2112 rach.

112 2171 184 2214 Priori
200 2175 221 2222 et
235 2170 340 2213 fratribus
357 2171 383 2213 de
400 2170 540 2214 Giscburne.b
570 2170 637 2214 Iustis
656 2172 843 2227 postulacionibus
862 2174 996 2225 reli-1180?

52 2244 163 2298 giosorum
178 2243 273 2286 virorum
289 2256 402 2284 assensum
415 2257 454 2285 nos
465 2243 566 2286 convenit
576 2243 663 2285 facilem
675 2244 795 2299 indulgere,
811 2248 836 2287 ut
851 2248 913 2287 tanto

54 2316 117 2358 citius
134 2329 208 2358 eorum
223 2328 299 2369 preces
316 2316 425 2369 optatume
447 2315 566 2357 scrtiantm
586 2314 695 2370 effectum,
718 2319 800 2369 quanto
819 2331 859 2372 per
877 2331 913 2360 ecs

53 2386 147 2430 Domino
163 2386 249 2441 grauius
269 2385 397 2439 obsequium
416 2385 536 2428 exhibetur.
567 2386 707 2444 Hacitaque
727 2389 812 2430 ratione
830 2388 914 2430 inducti
948 2400 950 2402 ·

54 2461 77 2500 11
91 2458 169 2501 vestris
185 2458 248 2500 iustis
263 2446 447 2512 postulationibus
463 2458 563 2500 inclinati
579 2459 709 2501 auctoritate
726 2460 846 2514 apostolica
864 2474 913 2514 pro-

54 2529 163 2584 hibemus,
180 2533 204 2571 ut
219 2529 274 2571 nulli
289 2528 375 2571 omnino
394 2527 464 2569 liceat·
478 2529 501 2570 in
516 2544 554 2572 vos
570 2529 604 2572 vel
621 2530 735 2573 ecclesiam
750 2534 846 2573 vestram
865 2530 913 2572 abs-

55 2615 97 2656 que
112 2600 228 2643 manifesta
244 2604 266 2643 et
280 2599 406 2643 rationabili
422 2614 488 2643 causa
504 2603 733 2645 excommunicationis
752 2602 786 2644 vel
804 2601 914 2644 interdicti

55 2673 187 2715 sententiam
202 2672 346 2728 promulgare.
377 2672 413 2714 Ad
428 2672 468 2713 hec
485 2674 616 2716 auctoritate
631 2674 692 2716 vobis
709 2674 828 2728 apostolica
843 2672 913 2715 indul-

55 2758 138 2798 gemus,
154 2744 216 2786 utin
232 2745 303 2786 causis
320 2744 409 2786 ecclesie
424 2747 496 2785 vestre
509 2743 588 2786 fratres
602 2745 699 2788 eiusdem
715 2745 797 2799 (lomus,
817 2745 835 2786 si
851 2758 914 2787 cano-

47 2816 105 2858 11111
121 2816 152 2858 111
164 2830 208 2858 non
221 2816 356 2858 obviaverint
367 2816 475 2868 instituta,
488 2815 516 2857 ad
524 2815 675 2858 testimonium
688 2817 734 2859 sine
744 2816 915 2859 contradictione

57 2886 155 2940 qualibet
171 2885 320 2929 admittantur.
352 2886 412 2929 Nulli
430 2901 479 2941 ergo
496 2886 582 2929 omnino
598 2886 710 2930 homiuum
725 2888 790 2930 liceat
805 2888 862 2929 hanc
877 2902 916 2943 pa-

57 2958 130 3012 ginam
145 2962 219 3001 nostre
234 2958 387 3014 prohibitionis
401 2962 425 3000 et
441 2958 601 3018 constitutionis
617 2958 741 3013 infringere,
759 2962 798 3001 etc.

116 3082 124 3097 ²
137 3080 185 3112 Bam
198 3092 210 3113 c,
259 3077 268 3098 l’
281 3080 365 3113 Giscbrum
377 3092 390 3114 e.
440 3080 534 3112 ὓ0111111111
547 3092 560 3112 c.
