2154 3394
274 165 402 201 duumuirum
413 175 439 201 ru
450 167 563 201 uersuonsu
575 165 616 200 254.
630 165 664 201 255
855 154 896 195 143

10 299 12 303 v
44 276 70 318 de
86 276 157 316 cetero
174 276 249 315 contra
264 272 355 315 eandem
368 272 546 317 consuetudinem
557 272 662 327 populum
675 271 812 327 congregare,
828 272 851 314 in
860 286 897 316 ros
911 268 1016 310 1171-72
1070 277 1072 279 ·

44 349 66 389 et
80 345 103 387 in
117 345 176 400 ipsos
197 348 286 400 propter
307 344 348 388 boc
369 345 491 388 authoritas
514 344 633 398 apostolica
652 343 704 387 dure
723 348 745 386 et
764 357 897 399 aspere...
923 331 967 370 1¹²³]-
976 328 1010 367 2⁰·

44 419 162 473 proponat²¹
178 416 356 459 animaduertere.
387 415 471 458 Datum
486 414 604 457 Tusculani
619 414 666 457 ΧΠ
680 415 791 458 Kalendas
806 415 864 458 Iulii.

45 692 103 736 254.
118 693 227 733 Alexander
246 693 281 733 m
299 693 457 741 corrobaramus,
483 704 532 743 pecus
555 692 618 732 raudo
639 692 662 732 de
682 693 786 733 ati-uerae
806 692 830 731 ere
853 691 900 731 uilla

67 775 71 784 ·
118 765 267 814 „uror-isiacos(
282 764 371 804 irrubuerit
385 767 403 803 et
417 763 536 803 rrrcuusterio
551 763 571 802 S.
587 763 694 815 Gertocefce
704 764 808 813 reruisere't,
825 776 838 802 a
853 775 900 814 queo-

119 848 180 887 pacua
195 837 276 876 exerceri
290 840 344 875 uelut.
695 881 696 884 Ἴ

242 917 321 963 Autogr.
333 916 354 951 in
365 915 424 951 tabul.
437 919 475 951 nat.
488 915 545 951 Paris.
558 915 580 951 L.
593 915 627 951 231
640 927 658 950 n.
671 916 700 951 59.

105 1023 229 1066 Alexander
245 1024 358 1079 episcopus
374 1036 449 1065 seruus
465 1036 576 1065 serrorum
588 1022 732 1066 Dei-dilectis
747 1022 798 1065 filiis
813 1022 902 1077 Hugoni
916 1022 957 1061 117
961 1022 1021 1060 3-74

47 1095 123 1138 abbati
143 1098 165 1137 et
182 1094 287 1138 fratribus
309 1097 384 1137 sancte
400 1093 508 1137 Genouefe
531 1094 624 1137 salutem
643 1097 665 1137 et
680 1095 822 1150 apostolicam
837 1094 902 1136 bene·
930 1081 1012 1121 auat.
1041 1105 1049 1122 ¹

48 1166 169 1210 dictionem.
195 1166 323 1209 Continetur
334 1167 357 1208 in
373 1167 453 1221 scripto
469 1165 569 1220 quodam,
587 1164 645 1220 quod
660 1166 716 1209 bone
731 1166 834 1209 memorie
843 1164 902 1207 Hen-

47 1239 119 1295 (ricus)
135 1238 244 1293 quendem
259 1237 395 1281 Francorum
410 1251 449 1280 rer
463 1236 541 1279 iecisse
562 1237 690 1292 (dinoscitur,
713 1237 771 1292 quod
786 1237 860 1280 Teudo
877 1236 903 1279 de

47 1309 169 1364 Firmitate,
186 1324 228 1364 que
244 1310 366 1365 appellatur
375 1308 454 1363 Urcha,
471 1322 544 1351 coram
560 1309 635 1351 eodem
650 1323 701 1363 rege
717 1324 795 1365 pravas
815 1322 903 1352 consue-

47 1381 140 1435 tudines,
163 1395 217 1436 quas
237 1381 327 1423 invilla
343 1381 491 1436 apostolorum
505 1380 567 1422 Petri
582 1384 604 1422 et
618 1380 684 1423 Pauli
704 1385 727 1423 et
742 1385 816 1423 sancte
832 1380 903 1423 Geno-

48 1452 101 1507 reie,
121 1467 163 1508 que
181 1453 311 1496 Marisiacus
329 1454 463 1506 nominatur,
486 1451 591 1506 habebat,
614 1452 705 1495 ecclesie
720 1456 791 1495 vestre
813 1452 903 1494 remisit.

48 1523 102 1567 lnde
118 1528 152 1567 est
167 1524 224 1579 quod
239 1539 278 1567 nos
297 1524 398 1579 precibus
419 1523 496 1566 vestris
515 1523 599 1565 inducti
620 1527 642 1565 et
661 1523 726 1567 officii
745 1525 815 1568 nostri
831 1523 904 1567 debito

48 1597 165 1651 prouocati,
188 1595 246 1651 quod
268 1595 382 1650 superbis
398 1609 472 1638 coram
492 1594 577 1650 prefato
599 1609 650 1649 rege
668 1594 750 1638 lactum
770 1600 813 1650 est,
832 1599 905 1638 ratum

49 1666 153 1710 habemus
170 1670 192 1710 et
206 1666 293 1709 firmum
312 1673 334 1709 et
354 1666 377 1708 id
393 1667 523 1709 auctoritate
540 1667 659 1721 apostolica
680 1666 841 1721 confirmamus,
864 1666 904 1709 sub

49 1739 224 1781 interminatione
242 1738 391 1781 anathematis
414 1738 482 1781 artius
504 1737 633 1792 inhibentes,
655 1752 682 1780 ne
704 1739 753 1793 quis
768 1740 792 1781 in
806 1738 905 1794 predicta

49 1809 101 1852 uilla
116 1810 282 1853 consuetudines
302 1810 359 1864 illas,
381 1824 435 1865 quas
455 1811 559 1864 scriptum
573 1809 654 1864 prelati
669 1811 726 1865 regis
743 1810 834 1853 eundem
849 1810 904 1852 Teu-

51 1881 128 1924 donem
137 1882 197 1925 robis
211 1882 307 1925 continet
321 1881 438 1935 remisisse,
452 1881 532 1923 audeat
545 1895 650 1923 exercere.
676 1880 736 1923 Nulli
751 1896 802 1937 ergo
818 1882 905 1925 omnino

50 1953 160 1996 hominnm
174 1953 240 1996 liceat
260 1953 316 1996 banc
337 1953 440 2008 paginam
461 1955 535 1995 nostre
556 1951 724 1996 confirmationis
743 1968 782 1997 seu
801 1954 905 1997 constitu-

50 2025 115 2067 tionis
135 2024 252 2080 iniringere
270 2025 305 2067 rel
327 2025 347 2067 ei
368 2024 505 2079 aliquatenus
528 2024 641 2066 contraire.
673 2024 760 2080 Siquis
777 2026 906 2068 autemhoc

52 2099 182 2151 attemptare
197 2096 360 2151 presumpserit,
377 2095 548 2150 mdignationem
567 2097 720 2151 omnipotentis
736 2097 779 2139 Dei
794 2101 817 2140 et
831 2097 906 2140 beato-

51 2181 99 2209 rum
111 2167 173 2209 Petri
185 2171 207 2210 et
219 2167 283 2210 Pauli
299 2167 447 2223 apostolorum
462 2167 508 2209 eius
525 2181 548 2210 se
560 2168 645 2210 noverit
656 2168 801 2212 incursurum.
824 2168 907 2212 Datum

51 2237 150 2293 Anagnie
165 2238 185 2281 V
200 2238 312 2281 Kalendas
325 2238 426 2293 Augusti.

53 2490 108 2535 255.
124 2492 233 2532 Alexander
248 2492 282 2531 HI
294 2493 389 2543 fhcrtrtbur
407 2492 570 2532 Oluntccense'bus
583 2493 681 2543 plumare
696 2494 736 2542 dut,
756 2494 808 2544 peccel
818 2495 907 2544 puriorem

126 2564 148 2603 de
167 2564 250 2604 Caritate
264 2564 383 2614 arrepturum
400 2568 418 2603 et
432 2564 520 2603 abbatem
535 2564 628 2615 eleperiut
662 2566 700 2604 (bei
714 2569 737 2604 at
751 2565 846 2614 ebediunt,
862 2565 906 2604 bor-

126 2640 184 2675 rotor.

170 2693 317 2751 Autographum
326 2704 346 2740 in
357 2703 402 2741 bibl.
415 2707 453 2739 nat.
465 2703 523 2739 Paris.
536 2715 571 2739 ms.
584 2704 616 2740 lat.
630 2706 688 2741 16992
701 2705 732 2741 fol.
746 2705 785 2741 152.

112 2811 237 2854 Alexander
253 2812 366 2867 episeopus
389 2825 462 2853 servus
483 2824 594 2854 serrorum
606 2811 648 2854 Dei
666 2812 750 2855 dilectis
765 2812 847 2855 filiis..
863 2813 906 2867 pri·
934 2825 992 2865 1174

55 2882 86 2924 ori
102 2886 124 2925 et
139 2882 243 2926 iratribus
254 2882 431 2926 Oluniacensibus
444 2885 490 2924 tam
504 2882 527 2924 in
545 2884 617 2937 capite
630 2898 696 2938 qnam
708 2884 731 2925 iu
746 2883 841 2926 menbris
858 2897 907 2927 con·
919 2886 961 2925 ian.
970 2887 1003 2925 24.

55 2954 180 2998 sistentibus
203 2955 295 2998 salutem
317 2958 339 2997 et
361 2954 501 3009 apostolicam
522 2953 701 2998 benedictionem.
734 2955 826 2998 Gratum
845 2956 908 2999 nobis

113 3078 121 3094 ἢ
132 3083 180 3110 aeuus
192 3079 221 3109 boc
233 3078 267 3109 loeo
280 3072 361 3118 corruptis
373 3082 398 3109 aa.
