2154 3394
205 178 290 214 Unsnrvr
302 188 327 213 ΠΙ
339 187 364 215 nv
377 178 495 214 Cnmrrnrrs
507 188 533 213 nr
545 187 657 214 arrsvonnn
670 178 710 214 388.
724 178 758 213 389
870 169 912 210 237

8 293 10 295 “
57 288 144 329 curetis.
176 285 277 329 Ceterum
293 286 311 328 si
328 296 414 329 omnes²
433 287 468 329 his
489 286 622 340 exequendis
642 286 784 341 nequiveritis
800 287 913 342 interesse,
926 285 1030 325 1186-87

58 360 100 402 duo
114 362 212 401 vestrum
227 372 253 400 ea
265 358 417 402 nichilominus
430 361 567 413 exequantur
581 358 660 400 litteris
673 372 812 413 nequaquam
825 359 913 402 obstan·
936 346 975 384 aa.
984 346 1018 385 3⁰·

57 431 116 473 tibus
137 431 231 476 istarum
250 444 294 472 non
313 430 390 473 habita
411 430 521 473 mentione
543 444 556 471 a
575 430 626 472 sede
645 429 765 485 apostolica
782 430 912 485 impetratis.
999 420 1001 424 ¹

56 503 139 545 Datum
154 500 267 544 Veronaeb
282 500 318 543 ΠΙ
332 501 444 544 Kalendas
459 500 561 555 Augusti.

57 694 117 739 388}
136 696 226 735 urbionis
241 696 275 734 ΠΙ
287 697 384 746 si'otrabas
404 696 430 740 S.
443 695 539 734 &crationi
555 696 577 734 de
592 695 660 734 Fraus
677 696 757 746 (Porus.)
778 697 871 745 dracontea,
889 710 915 735 oc

131 768 154 806 in
169 768 236 806 roasa
251 780 297 806 cetra
312 767 456 816 ovolu'eptsoopo
473 767 583 806 Suburano
598 767 687 805 orciniam·
705 767 820 817 ol'quorurn
836 769 854 807 ev'
869 769 914 807 sceb-

132 841 220 879 dttoruun
234 852 255 878 se
269 839 365 878 mrbiieere
380 843 478 888 copootru‘.

187 918 303 966 Autograph.
316 917 408 953 mutilum
419 918 439 953 in
451 917 510 954 tabul.
523 922 562 954 nat.
575 918 633 954 Paris.
645 918 667 954 L.
681 919 746 954 233112
760 920 776 954 2.

73 1052 75 1055 >
116 1027 219 1071 Urbanus
235 1026 349 1080 episcopus
365 1038 439 1067 servus
455 1039 566 1068 servorum
581 1026 623 1068 Dei
640 1025 725 1068 dilectis
740 1025 792 1069 filiis
807 1026 914 1084 F(ulconi)
949 1032 1005 1071 1187

58 1099 134 1142 abbati
150 1102 171 1141 et
187 1097 282 1153 capitulo
299 1096 370 1139 sancti
380 1096 484 1139 Germani
500 1097 608 1140 dePratis
625 1097 718 1140 salutem
734 1101 756 1139 et
772 1099 915 1154 apostolicam
926 1091 1025 1133 detail.

57 1171 236 1213 benedictionem.
268 1167 323 1210 Cum
338 1169 495 1210 monasterirum
510 1171 614 1224 v(estrum
631 1169 666 1226 ad)
681 1184 721 1213 nos
740 1174 762 1212 et
776 1170 914 1227 Romanam)

58 1242 172 1285 ecclesiam
187 1241 246 1284 nullo
268 1240 393 1296 (median]te
411 1240 513 1295 pertinet,
534 1240 638 1298 dignbrm)
654 1245 688 1284 est
705 1245 727 1284 et
746 1256 864 1285 consonum
879 1256 914 1284 ra-

0 1304 1 1308 *
58 1314 122 1368 tioni,
143 1316 169 1355 ut
187 1316 263 1355 contra
277 1311 374 1354 indebite
390 1311 563 1369 (molestabionis
584 1314 710 1367 gravamina
730 1313 849 1368 apostolice
864 1329 914 1369 pro-

58 1385 159 1430 tectionis
180 1383 276 1427 favorem
296 1384 320 1425 in
341 1384 419 1425 vestris
442 1383 626 1438 oportunitatibus
650 1385 756 1427 sentiatis.
793 1385 826 1427 Ne
847 1387 915 1440 igitur

57 1456 187 1499 venerabilis
206 1455 274 1497 frater
291 1457 403 1497 noster..
420 1453 565 1511 (Senonetnsis
585 1455 780 1511 archiepiscopus1⁷
800 1457 838 1511 qui
852 1457 914 1500 vobis

58 1532 81 1570 et
95 1528 227 1571 monasterio
242 1529 314 1569 vestro
326 1526 398 1580 gravis
412 1526 484 1580 sepius
498 1529 519 1567 et
531 1525 635 1568 molestus
648 1528 729 1582 existit7
745 1528 768 1570 in
781 1528 858 1583 nausia,
873 1542 915 1583 que

57 1600 166 1641 intervos
183 1601 205 1640 et
219 1598 291 1653 ipsum
308 1600 426 1651 emergunt,
443 1595 503 1639 vobis
519 1598 588 1652 possit
603 1612 642 1652 per
658 1612 707 1642 suos
724 1599 822 1642 subditos
838 1613 914 1653 grava-

57 1684 108 1713 men
119 1669 207 1723 inferre,
223 1669 355 1711 auctoritate
367 1668 429 1712 vobis
441 1669 576 1723 presentium
588 1668 746 1726 indulgemus,
762 1675 788 1713 ut
801 1671 840 1713 sub
856 1674 914 1728 (exa-⁴

57 1743 115 1784 mine
132 1741 262 1797 aliqujorum
278 1755 316 1782 sue
332 1740 448 1795 provincie,
469 1740 506 1795 qui
528 1740 548 1782 ei
568 1743 643 1782 tamen
665 1741 758 1784 subiecti
774 1743 875 1798 existant,
892 1744 915 1785 in

58 1815 136 1868 causis,
153 1826 207 1868 quas
222 1827 260 1855 vos
276 1813 379 1855 adversus
395 1812 467 1867 ipsum
476 1812 510 1854 vel
522 1812 569 1867 ipse
583 1812 686 1855 adversus
702 1828 739 1856 vos
752 1813 861 1869 habuerit,
877 1829 914 1857 ne*

58 1899 169 1940 quaquam
184 1884 292 1938 cogamini
306 1884 400 1937 litigare.
431 1882 515 1925 Datum
529 1882 616 1927 Verone
631 1883 668 1926 ΠΙ
682 1884 735 1927 Idus
751 1884 885 1929 retrudite

58 2078 117 2121 389.
137 2079 227 2118 Crenaeus
241 2077 276 2116 ΠΙ
288 2077 353 2117 actua
368 2081 385 2115 et
400 2077 496 2127 frutribus
515 2077 681 2118 Cbruiocensc'hus
699 2079 767 2119 satha
782 2081 804 2118 de
819 2082 915 2130 conpar

132 2150 184 2189 diotre
198 2151 250 2188 'iuter
265 2132 410 2188 ocorvdstcriara
421 2148 441 2187 S.
453 2148 548 2198 Stephani
556 2149 678 2190 dbssocrnobse
693 2155 710 2190 el
719 2151 741 2189 P.
757 2153 848 2191 concitem
863 2154 916 2204 flictu

132 2225 189 2271 cuprio
204 2235 217 2260 o
232 2220 326 2270 Platane
343 2220 467 2259 iuvencorum
481 2233 524 2270 repe
538 2220 625 2270 firrncdo.

164 2299 213 2336 Bibl.
225 2304 264 2336 nat.
276 2300 336 2336 Paris.
348 2311 383 2334 ms.
396 2300 429 2335 lat.
443 2300 507 2336 leuca
523 2299 554 2335 fol.
568 2301 608 2336 241.
627 2300 705 2348 Scripsit
717 2302 808 2340 Matiene.

117 2407 216 2450 Clemens
238 2407 352 2462 episcopus
373 2421 447 2449 servus
469 2404 579 2450 servorum
594 2407 637 2449 Dei
659 2409 744 2452 dilectis
759 2410 811 2454 filiis
826 2411 914 2467 Hugoni
949 2428 1005 2466 1133

58 2479 133 2522 abbati
143 2483 165 2522 et
174 2479 289 2522 conventui
300 2478 437 2522 Cluniacensi
447 2478 540 2521 salutem
550 2482 572 2520 et
581 2480 725 2534 apostolicam
734 2481 913 2527 benedictionem.
926 2489 983 2527 Febr.
992 2489 1027 2531 20,

58 2549 144 2604 Quanto
167 2551 282 2606 specialius
301 2550 429 2594 coenobium
446 2553 542 2592 vestrum
557 2550 579 2593 b.
594 2551 657 2593 Petri
676 2553 730 2595 iuris
746 2555 827 2610 existit,
849 2556 914 2598 etad

57 2625 155 2665 nostram
170 2623 315 2677 provisionem
331 2622 391 2665 nullo
407 2621 517 2664 mediante
532 2623 628 2676 pertinet
644 2626 666 2665 et
681 2625 784 2680 tutelam,
802 2630 824 2669 et
839 2642 876 2671 vos
893 2631 914 2669 et

57 2689 235 2749 praedecessores
255 2694 322 2736 vestri
343 2694 366 2735 in
389 2709 413 2737 eo
434 2692 522 2736 coelesti
540 2694 667 2748 magisterio
686 2696 768 2740 subditi
788 2698 915 2754 disciplinae

57 2780 97 2821 per
111 2765 241 2808 indusionem
263 2766 334 2808 sancti
356 2765 445 2821 spiritus
467 2765 556 2808 odorem
576 2765 699 2810 honestatis
721 2772 743 2810 et
762 2769 872 2824 religionis
892 2771 916 2811 in

57 2840 130 2881 vestro
145 2837 251 2880 hactenus
267 2838 342 2880 ordine
358 2837 473 2880 observare
492 2836 559 2879 latius
578 2838 723 2894 expandistis,
744 2844 806 2884 tanto
822 2840 850 2883 ad
866 2856 916 2885 con-

117 2963 125 2979 a
137 2961 199 2992 correxi
209 2971 227 2992 aa
239 2959 317 2992 omnibus
330 2972 343 2996 e.
392 2958 400 2979 ¹¹
412 2961 502 2992 Veronnae
514 2971 528 2991 c.

118 3027 205 3065 1Guido.
267 3029 340 3065 '²Idem
352 3028 420 3065 iisdem
436 3029 497 3065 verbis
510 3028 608 3065 confirmat
620 3030 711 3067 Clemens
719 3032 751 3066 Ill
766 3032 819 3068 bulla
837 3032 883 3073 data
898 3034 916 3073 d,

59 3089 81 3124 16
93 3099 119 3124 m.
131 3088 186 3135 April
199 3088 251 3134 1189,
264 3088 316 3125 cuius
329 3092 401 3135 autogr.
415 3089 435 3124 in
448 3089 506 3124 tabul.
518 3092 557 3124 nat.
570 3089 628 3125 Pan's.
641 3090 663 3125 L.
676 3091 712 3126 234
723 3103 741 3126 n.
755 3093 765 3128 ss
778 3096 868 3129 servatur.
