2154 3394
317 176 445 212 Annxnnnm
456 185 481 212 111
493 184 607 212 nrrsronsn
620 175 653 210 321
872 165 913 207 189

58 285 134 330 rabilis
150 283 224 326 fratris
236 283 306 326 nostri
318 283 452 340 B(erneredi)
465 283 589 327 Prenestini
602 283 703 338 episcopi,
719 284 764 325 iam
779 282 864 338 pridem
879 297 913 325 re·
927 283 983 323 1180
991 283 1018 322 'nn

58 355 152 401 nerabili
172 354 236 398 fratri
257 358 342 410 nostro,
366 354 462 412 Stimoni)
482 356 583 411 episcopo
601 358 674 397 vestro
696 356 778 410 scripta
797 353 914 397 direximus

59 427 178 480 credentes
189 440 237 469 eum
247 427 275 470 ad
287 426 415 469 mandatum
428 427 572 482 apostolicum
585 425 684 469 celeriter
696 426 842 482 impleturum,
856 426 914 480 quod

1 498 4 511 ÷
59 498 181 542 tacentibus
203 498 264 541 nobis
286 513 325 554 per
347 513 370 541 se
388 500 460 554 ipsum
479 497 564 541 efficere
582 498 704 540 tenebatur.
735 498 788 540 Eius
808 501 841 540 est
857 498 914 540 enirn

59 570 168 627 predictus
184 569 297 626 Hertveus)
311 571 480 613 conversationis
497 573 519 612 et
534 569 630 624 scientie,
647 571 703 612 sicut
717 584 755 612 vos
771 570 813 624 ipsi
828 569 913 624 plenius

59 642 137 696 nostis,
158 641 215 695 quod
233 642 310 685 maiori
329 642 395 684 etiam
413 640 518 685 beneficio
538 640 615 695 dignus
631 645 695 683 esset.
727 640 913 695 0011111101-

1 726 3 728 ’
58 719 93 756 tus
110 713 224 768 episcopus
239 712 367 755 mandatum
381 717 480 757 nostrum
496 715 649 767 contempnens
669 716 691 754 et
708 712 777 768 ipsius
796 713 913 754 necessita-

0 837 1 840 ,
59 790 103 828 tem
119 788 141 827 et
155 784 286 840 probitatem
305 784 454 839 dissimulans,
476 788 501 826 ut
519 786 645 839 preceptum
664 787 762 827 nostrum
781 783 913 826 commodius

59 859 142 911 posset,
165 856 223 909 quod
237 871 281 899 non
295 855 356 909 licet,
379 856 475 910 eludere,
498 856 553 898 ahos
572 856 592 897 ei
606 869 735 910 preponere,
758 869 822 910 quem
844 855 914 898 solum

59 927 194 983 precepimus
210 928 233 969 in
247 926 355 969 Meldensi
371 926 463 969 ecclesia
477 927 591 981 integrari,
608 930 630 968 et
644 927 667 968 in
682 941 760 981 penam
775 927 860 969 litteras
876 942 913 970 no-

60 1002 127 1052 stras,
150 1012 205 1053 quas
226 998 254 1040 ad
274 998 411 1041 commodum
425 997 564 1052 indulsimus,
581 1001 716 1053 retorquere,
737 1002 851 1041 vacantem
865 1013 913 1054 pre-
971 1015 972 1018 ¹

59 1069 153 1112 bendum
169 1069 281 1112 dimidiam
297 1068 418 1112 Constantii
434 1068 668 1113 succentoris‘cuidam
683 1084 758 1125 puero,
773 1069 818 1113 lilio
834 1070 913 1115 nobilis

59 1142 100 1184 viri
116 1141 142 1184 G.
159 1141 185 1183 de
198 1141 328 1195 Gheureuse,
346 1142 383 1195 qui
399 1140 452 1183 alibi
467 1141 549 1184 habere
564 1142 657 1184 maiores
670 1142 768 1184 redditus
780 1142 913 1197 perhibetur,

60 1215 135 1256 contra
154 1212 321 1268 prohibitionem
340 1215 438 1254 nostram
454 1212 543 1267 dicitur,
563 1212 621 1255 unde
640 1213 745 1255 miramur
763 1217 785 1256 et
803 1227 913 1256 movemur

58 1285 184 1339 plurimum,
207 1283 346 1326 concessisse.
378 1282 434 1337 Quia
449 1284 516 1338 igitur
534 1285 679 1327 verecundum
697 1284 760 1327 nobis
780 1288 825 1327 est³
840 1285 913 1328 admo-

59 1356 110 1398 dum
126 1359 148 1398 et
162 1356 284 1410 molestum,
300 1358 325 1396 ut
340 1354 437 1410 prelatus
450 1355 570 1412 Hterveus),
587 1370 651 1411 quem
663 1356 772 1410 integrum
784 1356 914 1399 beneficium

59 1427 140 1469 habere
154 1426 260 1480 volumus,
276 1426 361 1468 tardius
376 1427 503 1481 integretur,
519 1427 603 1482 prelato
617 1428 718 1482 episcopo
731 1426 829 1470 districte
845 1429 914 1483 preci-

58 1499 140 1552 pimus,
162 1500 196 1551 ut,
218 1512 262 1540 non
284 1497 385 1540 obstante
404 1499 542 1541 concessione
560 1498 619 1541 lacta
634 1498 731 1554 predicto
747 1512 824 1553 puero,
845 1498 915 1542 eidem

59 1569 159 1625 Hterreo)
187 1569 331 1624 prescriptam
359 1569 471 1612 dimidiam
493 1569 590 1613 conferat
614 1570 740 1624 quantotius
766 1573 787 1612 et
812 1571 914 1624 assignet.

58 1640 185 1683 Venerabili
201 1654 287 1695 quoque
303 1639 365 1683 tratri
381 1645 455 1684 nostro
477 1641 708 1697 0111001101100011011
729 1641 868 1695 mandamus,
891 1645 916 1683 ut

60 1713 78 1754 si
93 1712 191 1767 prefatus
206 1712 324 1754 bleldensis
343 1713 461 1767 requisitus
479 1712 607 1755 mandatum
623 1712 766 1768 apostolicrnn
785 1712 864 1767 exequi
881 1726 914 1754 re-

60 1785 174 1838 cusaverit,
190 1785 262 1839 ipsum
277 1784 358 1825 nullius
374 1784 519 1839 appellatione
533 1784 633 1827 obstante
650 1785 779 1827 auctoritate
795 1783 915 1838 apostolica

59 1854 127 1897 fietus
143 1870 186 1897 non
202 1854 288 1897 differat
303 1854 388 1897 effectui
403 1856 534 1909 mancipare.
567 1854 673 1909 Qiiccirca
692 1856 828 1897 universitati
843 1858 914 1897 vestre

59 1941 98 1982 per
114 1926 234 1982 apostolica
249 1927 330 1982 scripta
345 1927 474 1969 mandamus
494 1931 560 1982 atque
575 1927 713 1982 precipimus,
731 1928 840 1981 quatinus,
857 1927 915 1981 quod

59 1999 118 2041 idem
132 1998 246 2040 Trecensis
265 1999 396 2041 auctoritate
413 2002 489 2041 nostra
507 1997 593 2052 lecerit,
612 1997 704 2040 firmiter
723 1998 849 2041 observetis.
880 1997 916 2040 Ad

59 2069 99 2112 hec
115 2070 244 2112 auctoritate
260 2069 380 2125 apostolica
395 2068 524 2124 inhibemus,
540 2084 574 2123 ne,
591 2073 710 2124 antequam
725 2069 805 2125 prefati
820 2069 915 2126 H(crrei)

60 2140 190 2183 beneficium
210 2141 337 2195 integretur,
360 2140 484 2195 aliqua-rum
504 2141 628 2183 litterarum
644 2141 742 2195 obtentu,
765 2142 784 2183 si
800 2155 842 2196 que
858 2141 915 2195 ete.b‚

61 2225 193 2267 quemquam
208 2212 319 2267 recipiatis
335 2213 358 2254 in
373 2211 463 2254 fratrem
478 2212 513 2254 vel
525 2213 630 2267 integrari
648 2213 753 2267 aliquem,
773 2217 878 2268 quantum
893 2213 916 2254 in

60 2284 122 2326 vobis
139 2287 178 2337 est,
194 2283 302 2326 ullatenus
315 2284 455 2339 permittatis.
481 2283 530 2326 Tibi
546 2287 625 2338 autem,
642 2283 673 2325 fili
689 2283 776 2338 decane,
793 2283 916 2338 specialiter

61 2355 217 2409 interdicimus,
233 2369 260 2397 ne
276 2358 326 2397 ante
342 2355 486 2409 prescriptam
498 2356 666 2409 integrationem
678 2362 809 2410 quemquam
823 2355 849 2397 de
861 2355 915 2397 inte-

61 2440 101 2480 gra
116 2427 150 2469 vel
165 2426 255 2469 dimidia
277 2429 370 2480 temptes
392 2440 431 2481 per
449 2430 471 2469 te
490 2427 524 2469 rel
542 2427 609 2469 aliinn
628 2427 789 2483 quomodolibet
806 2427 915 2469 investire.

62 2497 166 2552 Alioquin
182 2499 201 2540 si
220 2498 272 2553 quid
291 2500 366 2540 contra
380 2497 437 2540 hanc
455 2497 624 2553 prohibitionem
638 2502 737 2542 nostram
754 2498 820 2541 luerit
835 2513 848 2540 a
864 2512 915 2551 quo-

62 2584 128 2624 quam
143 2574 299 2626 presumptum,
316 2569 445 2611 auctoritate
462 2569 582 2623 apostolica
598 2569 733 2613 decernimus
749 2585 792 2612 non
807 2570 885 2611 valere.

420 2731 439 2750 va

121 2767 129 2782 ἢ
140 2765 161 2795 Ia
172 2765 207 2796 cod.
221 2765 243 2794 sic
255 2770 287 2796 est:
304 2763 349 2801 Quia
360 2762 414 2804 igitur
425 2762 508 2793 sustinere
519 2762 538 2793 in
550 2762 634 2802 patientia
645 2773 679 2795 non
691 2763 776 2802 debemus,
789 2764 808 2793 111
820 2762 841 2794 ab
854 2762 915 2803 episcc-

62 2823 93 2864 pis,
106 2823 137 2864 qui
148 2825 228 2855 tenentur
240 2823 281 2855 alios
294 2823 316 2855 ad
328 2821 453 2855 observantiam
465 2822 569 2853 decretorum
585 2825 680 2855 nostrorum
692 2823 779 2865 inducere,
795 2824 858 2854 statuta
873 2822 916 2854 sedis

234 2882 258 2907 cat

62 2918 152 2959 apostolice
169 2918 261 2959 violentur,
280 2918 395 2951 verecundum
413 2917 461 2949 nobis
478 2919 510 2956 est;
529 2928 580 2949 000011
594 2920 650 2950 rat-cat
668 2920 721 2950 euclem
735 2919 915 2959 11011111001101011111111.

62 2974 70 2996 ἶ]
84 2979 109 3019 Cf.
122 2990 171 3020 supra
183 2990 206 3019 ep.
219 2977 259 3011 319.

123 3084 130 3103 1
141 3083 242 3120 Matthaeo.
