2178 3376
180 131 224 171 212
473 140 534 177 Lucri
546 149 571 175 nr
583 149 695 176 seimonau
708 141 742 177 352

97 247 154 286 1182
181 249 251 303 scopis
274 248 367 290 salutem
389 251 411 289 et
432 248 574 303 apostolicam
598 247 777 291 benedictionem.
816 248 920 302 Quotiens
942 251 1038 305 peccatis

89 307 166 346 N0l·7·
181 319 317 374 exigentibus
338 320 463 374 iniquorum
484 320 595 363 hominum
619 319 736 362 insolentia
759 320 783 361 in
803 322 889 362 tantum
910 322 1038 376 praesumit,

181 391 240 446 quod
254 390 303 434 loca
318 390 390 434 (lirino
407 391 475 434 cultui
491 391 595 446 deputata
611 390 722 434 destruere
738 390 772 433 161
787 391 886 434 incendio
900 406 1038 436 concremare

180 463 268 504 minime
283 462 426 517 pertimescit,
450 461 591 505 sacerdotalis
611 463 730 504 auctoritas
747 462 812 505 debet
831 462 907 505 adesse
923 467 945 506 et
959 465 982 506 in
1001 479 1038 507 eos

181 538 214 577 est
228 535 290 588 rigor
306 547 413 576 canonum
435 532 577 587 exercendus,
599 536 624 575 111
639 533 763 576 damnanda
778 535 891 577 temeritas
906 537 1039 591 reprimatur

181 610 203 649 et
219 605 359 648 ecclesiarum
381 608 451 647 status
473 604 546 647 valeat
563 606 692 648 conservari.
724 605 760 647 Ad
778 605 913 649 audientiam
932 607 1039 662 siqnidem

181 677 317 732 apostolatus
333 678 402 719 nostri
418 677 510 719 1111661116
526 675 583 718 filius
598 680 673 718 noster
689 676 757 719 abbas
770 677 891 720 Bolboniae
907 679 988 722 ordinis
1004 679 1038 722 Oi-

182 749 304 791 sterciensis
329 748 488 790 lacrimabilem
513 751 534 790 ct
558 748 705 790 miserandam
730 749 889 802 querimoniam
915 750 1038 804 destinarit,

182 821 239 874 qnod
254 819 352 862 homines
369 819 395 861 de
411 820 508 862 Maiorca
523 820 546 861 in
558 833 625 872 regno
639 822 660 861 et
678 823 787 874 potestate
800 821 907 863 carissimi
916 822 940 863 in
952 821 1038 865 Christo

181 891 220 933 lilii
235 892 305 934 nostri
319 891 411 933 illustris
431 892 488 945 regis
504 891 637 946 Hispaniae1
656 892 799 934 consistentes
815 891 927 934 abbatiam
943 892 964 935 S.
980 892 1038 935 Lau-

181 964 252 1017 rentii,
268 963 292 1004 in
308 977 351 1017 qua
367 962 473 1017 praedicti
489 961 570 1004 ordinis
586 954 652 1016 airam
667 961 740 1017 piures
753 976 865 1017 personae,
881 964 982 1007 monachi
999 965 1038 1006 sci-

180 1035 233 1076 licet
249 1037 270 1076 et
286 1038 410 1087 conuentus,
427 1034 446 1076 si
461 1048 524 1075 suum
533 1032 627 1075 Domino
644 1032 720 1076 devote
736 1033 853 1076 studebant
865 1035 945 1089 iugiter
957 1036 1039 1091 impen-

183 1105 233 1148 dere
254 1105 394 1159 famulatum,
416 1106 521 1147 instinctu
542 1104 649 1147 diabolico
671 1120 710 1159 pro
733 1119 785 1148 suae
806 1105 925 1148 voluntatis
948 1107 1039 1150 arbitrio

183 1177 294 1220 destruere
316 1179 515 1232 praesumpserunt.
553 1174 659 1230 Tempore
680 1190 784 1230 namque,
810 1191 852 1231 quo
878 1178 1039 1220 sacratissimae

182 1249 289 1304 passionis
305 1248 387 1291 domini
402 1249 472 1290 nostri
487 1247 553 1290 ihesu
569 1246 649 1290 Christi
661 1249 766 1290 memoria
782 1248 914 1302 celebratur,
933 1250 1040 1304 praedicti

182 1319 334 1362 malefactores
351 1323 454 1362 exeuntes
473 1319 500 1361 de
518 1318 570 1361 villa
589 1319 688 1374 superius
707 1323 827 1361 memorata
845 1334 912 1362 unam
927 1321 1040 1374 grangiam

182 1393 227 1434 iam
236 1392 288 1433 dicti
296 1392 424 1434 monasterii
437 1390 608 1443 combusserunt,
621 1391 729 1445 pessimae
741 1391 845 1445 malitiae,
859 1405 924 1446 quam
938 1406 1039 1447 concepe-

182 1466 251 1517 rantss,
267 1463 354 1505 initium
370 1462 508 1517 dampnabile
524 1461 654 1515 tribuentem
671 1476 720 1504 611111
731 1475 782 1505 rero
794 1462 901 1517 praedicti
913 1464 1041 1506 monasterii

183 1534 284 1577 monachi
296 1534 408 1576 audissent
417 1534 530 1588 grangiam
542 1532 664 1588 praefatam
677 1547 724 1576 esse
737 1533 878 1588 combustam,
894 1535 918 1576 in
930 1535 989 1577 onmi
1000 1534 1039 1576 hu-

183 1606 276 1647 militate
292 1605 427 1648 orationibus
443 1606 575 1657 insistentes,
592 1605 660 1648 sacris
677 1605 742 1647 etiarn
759 1605 855 1647 restibus
868 1605 939 1648 induti
955 1605 1041 1649 obviam

182 1678 227 1719 iam
243 1677 307 1719 dictis
322 1676 500 1719 malefactoribus
515 1680 675 1731 processerunt,
692 1676 729 1730 qui
745 1676 773 1718 ad
789 1677 928 1719 erertendam
943 1676 1040 1719 funditus

183 1748 296 1790 abbatiam
312 1747 429 1790 crudeliter
440 1747 581 1790 festinabant.
606 1746 689 1790 Verum
704 1748 749 1789 iam
765 1747 818 1790 dicti
833 1747 985 1792 malefactores
1000 1762 1041 1791 nec

184 1819 306 1863 dominumb
321 1833 362 1861 nec
377 1819 486 1862 hominem
501 1822 624 1862 reverentes
643 1834 692 1861 cum
713 1818 740 1861 ad
760 1821 916 1862 monasterinm
931 1820 1040 1875 pervenis-

184 1895 241 1946 sent,
262 1895 375 1945 tamquam
397 1890 509 1933 furibundi
531 1890 645 1933 ecclesiam
663 1891 799 1932 intraverunt
818 1894 840 1933 et
857 1905 927 1946 nsque
947 1891 1001 1934 adeo
1018 1904 1040 1933 se

183 1963 330 2005 inhumaniter
345 1962 475 2016 habuerunt,
492 1962 550 2017 qnod
563 1965 647 2004 certum
660 1965 698 2015 est,
716 1975 752 2004 666
766 1963 904 2005 atrocitatem
920 1961 1041 2005 infidelium

185 2035 297 2077 exaesisse.
324 2033 442 2088 (1116111611θ
458 2035 524 2088 igitur
539 2034 645 2076 laicorum
660 2034 779 2087 temeritas,
796 2047 852 2088 quae
864 2034 888 2076 in
899 2034 958 2077 bona
974 2034 1041 2076 eccle-

185 2107 266 2148 siarum
287 2110 334 2148 tam
354 2106 495 2161 pertinaciter
512 2105 652 2159 debachatur,
674 2119 765 2147 censura
784 2109 817 2147 est
836 2105 984 2148 ecclesiastica
1001 2120 1041 2161 pn-

184 2178 270 2232 nienda,
286 2177 419 2219 fraternitati
434 2181 520 2220 restrae
532 2190 572 2232 per
587 2176 707 2231 apostolica
720 2176 802 2231 scripta
814 2177 967 2232 praecipiendo
980 2192 1040 2219 man-

184 2248 261 2290 damns
277 2251 299 2290 61
315 2248 412 2291 districte
427 2249 580 2304 praecipimus,
597 2249 705 2302 quatinus,
723 2248 741 2289 si
756 2261 791 2289 res
806 2249 838 2290 ita
854 2249 965 2303 sehabet,
983 2249 1041 2291 omni

184 2320 255 2374 gratia
271 2323 293 2362 et
309 2320 387 2362 timore
403 2322 523 2375 postposito
539 2320 649 2376 praefatos
665 2319 816 2362 malefactores
833 2320 859 2362 de
874 2324 921 2363 tam
939 2319 1041 2374 gravibus

185 2396 207 2433 et
221 2392 301 2446 iniquis
319 2391 441 2433 excessibus
455 2391 501 2433 Deo
518 2391 612 2446 primum
627 2395 649 2433 61
665 2391 743 2433 abbati
757 2395 778 2434 et
793 2392 905 2434 monachis
922 2391 1042 2447 supradicti

184 2463 310 2506 monasterii
323 2462 494 2506 satisfactionem
507 2476 625 2515 congruam
636 2462 737 2505 exhibere
754 2466 775 2505 et
791 2463 831 2505 ded
847 2467 918 2506 cetero
932 2462 959 2505 ab
972 2463 1042 2518 ipsius

183 2535 226 2577 loci
241 2535 393 2578 molestatione
415 2534 519 2577 desistere
540 2533 664 2588 diligentius
683 2534 789 2576 moneatis
806 2537 828 2576 61
843 2534 961 2577 studiosius
980 2534 1042 2576 indu-

185 2606 246 2660 catis,
263 2606 361 2661 alioquin
377 2620 413 2649 ecs
430 2606 533 2649 canonica
553 2605 668 2648 severitate
686 2605 804 2660 percellere
819 2605 907 2647 minime
923 2605 1041 2659 desistatis,

184 2691 224 2720 nec
240 2667 371 2721 sententiam
383 2679 432 2732 nisi,
446 2691 540 2732 congrue
553 2676 705 2731 satisfecerint,
717 2677 827 2719 relaxetis.
850 2676 1043 2720 111111111116116111Θ

185 2749 277 2804 septimo
292 2749 345 2792 Idus
361 2749 496 2792 Novembris.

245 2922 253 2938 ²
265 2921 292 2952 Sic
306 2922 360 2952 scribit
374 2922 448 2952 Brassica
463 2931 495 2960 pro
513 2919 617 2952 combustam
636 2918 719 2959 pessimae
734 2917 817 2959 malitiae,
833 2928 867 2959 quo
883 2920 987 2959 conceperat,
1008 2919 1042 2950 cod.

133 3003 135 3005 >
186 2976 241 3012 bcod.
254 2980 324 3012 domurn
336 2992 370 3012 611111
383 2986 472 3012 6611161116
519 2980 593 3017 θ(1111111
607 2991 619 3011 c¹
670 2974 711 3009 dde
724 2979 840 3011 [1166111661.
889 2977 972 3010 eVelleti
985 2989 997 3010 c.

247 3050 252 3068 ¹
265 3048 359 3095 Alphonsi
371 3048 428 3085 VIII.
