2205 3376
189 122 217 163 48
430 132 559 168 Annxnumn
570 140 587 167 Π
599 140 712 182 nersronnn
724 132 752 168 96.
766 133 803 179 (97)

101 240 176 278 1063-
190 240 230 282 sub
246 243 348 296 pretentu
360 240 489 295 episcopalis
503 238 568 282 officii
581 239 658 294 fecisti,
676 254 786 284 cassamus
803 244 825 282 et
838 241 958 296 apostolica
973 245 1046 285 aucto-

106 299 169 338 1065·
188 314 262 367 ritate,
279 312 365 356 omniuo
378 311 441 353 irrita
454 325 508 365 esse,
522 311 658 354 decernimus
670 311 714 355 Eos
727 325 784 366 vero,
799 326 892 366 quorum
901 313 994 356 nefando
1004 313 1046 357 col-

189 385 246 439 legio
263 388 284 426 et
298 383 457 439 persuasionet
471 383 593 426 substantie
612 384 765 427 canonicorum
784 383 874 426 ecclesie
892 384 959 440 prede
978 388 1000 427 et
1016 385 1047 427 di-

188 456 283 511 reptioni
299 455 350 497 date
367 458 426 509 sunt,
445 455 480 497 rel
499 454 536 509 qui
552 455 714 497 aecclesiastica
733 453 805 497 officia
821 455 847 497 de
863 470 929 498 manu
944 459 983 498 tua
998 457 1048 511 post

189 527 330 570 interdictum
344 530 444 569 nostrum
461 529 599 582 receperunt,
615 527 664 581 pari
682 527 822 569 anathemate
837 527 960 582 plectimus,
980 527 1048 571 donec

190 600 262 642 omnia
277 598 421 650 remittendob
436 598 572 654 resipiscant.

191 781 232 824 96.
248 781 358 827 Alexander
373 780 396 820 Π
409 780 457 819 clero
472 780 615 819 Mediolanensi
630 780 734 830 sipoifieot,
751 793 791 819 sese
802 780 919 829 permisisse
933 781 1048 833 Lorisroiieo

251 852 360 903 (episcopo),
376 855 399 890 oi
411 852 498 901 sioqiliei
512 855 634 891 soemoaeiito
650 851 753 891 obiectione
767 852 859 890 oriminis
874 865 895 891 se
907 852 975 892 liberet.

250 930 297 967 0011.
310 931 356 967 Brit.
369 930 423 967 Alex.
437 942 464 978 ep.
471 932 501 976 45,
513 932 533 967 in
545 931 585 967 cod.
598 931 647 967 Mus.
654 931 700 967 Brit.
707 931 755 968 Add.
763 931 810 967 8873
823 944 836 968 s.
844 941 877 967 nn
888 932 913 967 in.
926 932 993 969 folle.

103 1034 178 1071 1063-
250 1025 313 1069 Olero
328 1026 492 1069 Mediolanensi.
524 1026 568 1069 Nos
592 1027 618 1069 de
639 1026 730 1069 infamia
750 1026 824 1069 fratris
843 1028 912 1070 nostri
929 1027 1048 1072 Laniranci

107 1093 170 1131 1065·
190 1113 233 1141 non
245 1099 324 1151 minus,
341 1112 367 1140 ac
383 1098 401 1140 si
416 1101 492 1141 nostra
505 1101 568 1152 esset,
586 1098 743 1151 condoluimus,
761 1112 825 1153 quem
841 1098 867 1141 de
881 1097 961 1143 obiecti
977 1101 1047 1143 crimi-

189 1171 223 1212 nis
240 1170 363 1225 suspicione
378 1169 537 1212 studiosissime
552 1170 696 1224 inquirentes,
716 1170 778 1212 nulla
793 1170 827 1212 sui
842 1169 982 1224 professione,
1000 1183 1048 1211 eum

189 1246 276 1284 tantum
291 1246 380 1296 tamque
400 1240 521 1283 execrabile
540 1241 677 1284 conmisissee
695 1241 812 1295 flagicium,
828 1241 959 1295 inuestigare
979 1240 1047 1282 valui·

189 1328 244 1356 mus.
270 1313 366 1367 Ideoque
386 1316 469 1355 certum
482 1316 504 1354 et
522 1312 638 1354 diffinitum
653 1312 777 1356 huiusmodi
795 1312 944 1355 incertitudini
960 1311 1048 1354 anobis

190 1400 234 1428 non
250 1385 347 1440 oportuit
363 1383 480 1426 deliberari
495 1383 605 1426 iudicium.
637 1383 680 1427 Ubi
696 1385 754 1427 enim
770 1385 834 1439 culpa
852 1399 895 1427 non
914 1384 984 1426 estin
999 1397 1048 1438 pro·

190 1453 291 1508 fossione,
307 1455 385 1498 inutile
401 1459 423 1497 et
438 1456 595 1509 inconsequens
612 1459 645 1498 est
660 1456 802 1511 preiudicare.
828 1454 873 1498 Nos
888 1459 963 1497 tamen
975 1458 1048 1497 aucto-
1102 1469 1103 1472 ¹

190 1526 292 1568 ritatem‘1
308 1528 379 1569 sancti
394 1526 495 1581 Gregorii
510 1531 532 1569 et
548 1531 672 1571 sanctorum
690 1528 868 1583 predecessorum
882 1531 1007 1570 nostrorum
1023 1525 1049 1568 de

190 1597 315 1640 huiusmodi
331 1599 450 1654 suspitione
466 1603 590 1653 sequentes,
608 1613 621 1641 a
637 1613 728 1653 quorum
744 1599 874 1642 auctoritate
889 1598 990 1641 recedere
1005 1613 1049 1641 non

191 1669 306 1723 audemus,
329 1670 428 1712 eumdem
447 1674 497 1712 ante
515 1671 649 1726 presentiam
664 1674 761 1713 nostram
780 1670 884 1725 simplicie
906 1673 1048 1723 sacramento,

191 1745 216 1782 ut
231 1741 297 1783 moris
314 1745 335 1783 et
351 1743 488 1784 auctoritatis
505 1745 544 1795 est,
561 1741 588 1784 ab
601 1742 665 1784 liuius
679 1742 787 1784 criminisf
802 1741 922 1784 obiectione
938 1756 961 1783 se
977 1741 1049 1784 defen·

191 1827 266 1855 surum
281 1813 410 1855 remisimus.
1098 1807 1101 1818 ‘

192 1957 232 2001 97.
252 1968 360 2004 Heribertas
373 1968 469 2015 episeopus
482 1968 597 2004 Mzitteeesi‘s
609 1969 714 2004 Aleroiedro
726 1969 748 2003 Η
755 1979 818 2014 pupce
830 1969 902 2004 litteriis
914 1968 975 2003 mimi
985 1968 1049 2014 Paper,
1095 1965 1100 2004 J

251 2028 324 2064 obbatis
336 2028 449 2063 proposierit
461 2029 480 2064 S.
493 2028 637 2072 Boiibolooieei,
650 2030 671 2064 eie
683 2029 766 2064 solmone
778 2028 850 2071 clerieo,
864 2028 898 2073 qai
912 2031 969 2064 morie
984 2028 1049 2063 irremi-

250 2082 309 2123 ieenie'
316 2088 426 2123 oiiouoebieo
437 2091 484 2123 eesie
496 2088 575 2123 indictas
588 2088 618 2131 sit,
631 2088 743 2133 referentis.1
1099 2080 1103 2096 ³³

427 2162 469 2194 (1011.
483 2162 525 2194 Brit.
538 2162 588 2195 Alex.
602 2173 628 2204 ep.
641 2164 670 2202 29,
682 2162 695 2194 l.
708 2162 720 2193 l.
733 2162 762 2194 fol.
775 2160 813 2194 43¹³.

103 2263 178 2301 1064—
251 2257 369 2297 Heribertus
384 2259 503 2298 Mutinensis
518 2259 622 2308 episcopus
637 2259 749 2298 Alexandro
764 2272 821 2308 pape.

108 2322 171 2360 1065,
250 2317 359 2357 Mutinensi
371 2318 456 2357 antistiti
468 2318 574 2358 Heriberto
587 2318 661 2368 Papius
674 2320 733 2358 abbas
749 2318 825 2358 cenobii
842 2317 896 2357 beati
907 2316 1048 2355 Bartholomei.

190 2377 249 2415 Iubet
264 2390 300 2426 per
315 2390 336 2417 os
354 2378 416 2429 legati
434 2375 527 2418 sauctitas
545 2380 619 2426 vestra,
636 2380 660 2417 ut
675 2392 714 2429 quo
734 2378 815 2417 ordineg
830 2377 937 2416 iohannem
956 2376 1049 2415 clericum

190 2437 309 2476 monachum
327 2435 384 2476 lierih
398 2438 499 2485 iusserim,
521 2439 594 2488 scripto
609 2439 704 2488 prodente
720 2438 812 2488 aperiam.
844 2437 901 2476 Unde
916 2435 994 2482 scitote,
1010 2448 1048 2482 me,

191 2497 286 2535 fratribus
303 2498 327 2535 ad
343 2510 388 2536 eum
404 2511 426 2536 ea
442 2510 500 2537 causa
512 2497 597 2545 directis,
614 2498 651 2536 hoc
665 2498 687 2536 iu
698 2498 815 2548 preceptum
827 2497 908 2542 dedisse,
924 2496 954 2542 ut,
971 2495 988 2534 si
1003 2508 1049 2534 eum

191 2556 299 2596 certissime
314 2557 375 2595 morti
390 2570 429 2596 non
441 2557 568 2597 intuerentur
581 2557 665 2605 affinem,
683 2557 775 2597 habitum
790 2557 813 2596 ab
830 2557 857 2595 eis
873 2555 986 2595 nullatenus
1002 2554 1049 2594 acci·
1094 2548 1102 2565 ς

190 2618 247 2666 peret
261 2617 387 2656 monacalem.
418 2618 498 2657 Fratres
513 2631 559 2657 vero
576 2619 645 2656 euntes
662 2631 747 2668 eumque
762 2617 823 2656 morti
838 2616 952 2666 proximum
966 2627 1006 2653 non
1021 2615 1049 2653 in-
1101 2639 1103 2644 -

190 2678 275 2723 tuentes,
292 2677 394 2726 imperatis
410 2678 548 2728 obtemperant
563 2691 648 2727 eumque
663 2677 685 2716 iu
703 2677 766 2728 priori
784 2676 855 2715 habitu
870 2675 1005 2725 relinquentes
1021 2688 1049 2713 re·
1093 2675 1103 2697 ³

251 2795 387 2837 rpersuassione
402 2808 415 2828 e.
476 2794 593 2828 bremitendo
609 2808 622 2828 e.
684 2795 786 2828 Econmisse
801 2807 815 2827 e.
879 2791 998 2826 dauctoritate
1014 2794 1049 2825 eod.

192 2855 294 2897 ¹³simplio.
344 2853 458 2887 fcrimineo.
507 2859 516 2879 ἔ
528 2856 604 2887 ordinem
617 2867 629 2887 o.
678 2852 730 2888 hferi
743 2868 756 2888 o.
1102 2899 1103 2902 Ἴ

252 2926 259 2945 1
271 2924 376 2971 Epistulam
388 2925 437 2961 banc
449 2925 469 2960 in
480 2925 589 2961 collectione
603 2924 724 2971 epistolarum
734 2924 831 2971 papalium
843 2922 909 2969 recepi,
921 2925 962 2958 tum
975 2921 1019 2968 quia
1030 2920 1049 2955 in

192 2984 269 3031 registro
282 2984 377 3029 exstabat,
392 2987 434 3020 tum
447 2985 491 3031 quia
503 2985 556 3031 quasi
571 2984 717 3020 commentarius
729 2984 790 3020 estin
802 2983 950 3030 responsionem,
962 2992 1011 3027 quae
1023 2991 1050 3016 se·
1097 2975 1103 3019 s

193 3044 262 3091 quitur,
274 3055 340 3091 papae.
