2154 3394
299 165 384 201 Uareni
395 174 420 200 111
432 174 544 201 urrsronnu
557 165 597 201 383.
611 165 646 201 384
877 155 919 197 233

65 275 122 318 383.
142 277 232 316 ubertus
247 276 282 315 nt
293 277 396 316 uniuersos
407 277 523 326 prorueret
537 276 690 325 Burdeeuteusts
704 278 805 326 praelator
824 276 920 326 imitatam

137 353 160 388 ut
175 348 285 387 Henrr'euru
300 349 453 397 Biturz'oeuseue,
473 348 493 387 st
509 347 632 398 primatium
653 347 734 386 renitere
749 361 795 387 euru
812 348 920 397 eeutr'pertt

138 425 243 459 reverenter
258 421 361 470 excipiunt.
837 460 839 463 ,

176 487 225 523 BibL
237 490 275 523 nat.
288 487 346 523 Paris.
360 487 406 523 dou.
419 487 489 522 Baluze
502 487 530 521 tu.
549 485 581 520 fol.
595 486 635 521 251.
654 497 713 521 manu
725 497 739 521 s.
752 496 804 523 nvn.

123 595 226 639 Urbanus
242 595 355 650 episcopus
372 608 446 637 servus
459 608 570 636 servorum
582 593 625 636 Dei
640 590 801 637 venerabilibus
816 594 921 638 fratribus
935 595 1038 633 1186-87

64 667 221 723 Burdegaiensi
242 666 417 722 archiepiscopo1
439 669 461 708 et
483 663 624 719 suffraganeis
649 666 695 708 eius
717 669 739 708 et
764 666 849 712 dilectis
869 665 920 709 finis
945 655 1031 694 Mffl‘i·4·

65 738 181 782 abbatibus
204 742 225 781 et
241 739 289 781 aliis
312 738 453 781 ecclesiarum
473 736 577 793 praelatis
596 737 619 779 in
634 737 792 792 Burdegalensi
810 738 922 793 provincia

65 811 189 854 constitutis
206 811 298 853 salutem
318 814 340 852 et
360 808 503 864 apostoticam
517 808 698 852 benedictionem.
730 808 871 864 Significante
886 824 921 852 re-

4 872 7 875 *
64 882 156 925 nerabili
172 882 241 925 fratre
256 886 330 925 nostro
340 881 436 923 Henrico
448 880 581 922 Bituricensi
597 880 766 936 archiepiscopo⁷
782 881 845 924 nobis
860 881 922 924 inno-

64 954 114 1008 tuit,
131 954 195 1009 quod,
212 969 261 997 cum
276 969 315 1009 pro
331 966 385 1008 praee
400 952 457 993 inter
472 951 618 994 venerabitem
633 951 725 995 fratrem
739 957 839 996 nostrum
849 951 921 995 Picta-

64 1039 152 1068 rensem
168 1027 305 1082 episcopum2
318 1029 343 1078 et
358 1023 453 1067 nobilem
471 1023 542 1065 virum
557 1023 583 1065 R.
601 1025 702 1067 comitem
717 1024 869 1067 Pictavensem
888 1039 921 1067 re-

3 1089 5 1121 1
64 1097 178 1140 formanda
193 1098 294 1150 venisset,
311 1111 324 1139 a
339 1095 506 1154 praedecessore
527 1099 571 1149 tuo,
593 1095 661 1138 frater
677 1096 848 1152 archiepiscope,
871 1100 922 1139 eta

3 1211 4 1215 ,
64 1168 132 1222 robis,
149 1168 228 1211 fratres
245 1168 340 1223 episcopi
356 1172 378 1210 et
393 1167 484 1210 abbates
501 1170 567 1221 atque
587 1168 687 1222 praelati,
706 1167 824 1211 honorifice
843 1168 885 1210 fuit
901 1172 923 1211 et

65 1241 142 1282 devote
157 1243 258 1295 receptus
275 1239 338 1294 eique
354 1253 439 1282 omnem
454 1239 599 1281 reverentiam
618 1243 639 1281 et
654 1239 759 1282 honorem
778 1240 867 1295 primati
886 1238 922 1282 de-

2 1314 3 1317 ’
64 1312 135 1354 bitum
151 1311 265 1354 curavistis
278 1310 389 1353 humiliter
402 1310 510 1353 exhibere.
538 1310 633 1353 Proinde
649 1312 814 1354 universitatem
826 1315 923 1353 vestram

66 1383 92 1425 de
107 1383 188 1425 uirtute
210 1382 346 1426 obedientiae
362 1382 538 1424 commendantes
556 1395 595 1436 per
611 1382 731 1438 apostolica
752 1384 834 1438 scripta
849 1397 922 1426 mone-

65 1469 113 1496 mus
129 1455 234 1497 attentius
251 1460 272 1496 et
288 1454 424 1506 mandamus,
446 1454 555 1508 quatinus,
577 1453 633 1496 sicut
648 1454 704 1496 bene
719 1455 842 1510 incepistis,
864 1455 923 1496 etin

32 1520 34 1525 ’
65 1526 223 1581 archiepiscopi
239 1528 261 1567 et
277 1525 381 1568 ecclesiae
396 1524 540 1567 Bituricensis
556 1525 670 1569 devotione
691 1528 713 1567 et
733 1526 858 1568 obedientia
873 1539 923 1568 oon-

66 1598 148 1640 sistatis
170 1601 198 1651 et,
215 1611 264 1639 cum
279 1596 341 1638 ilium
356 1596 494 1639 trahentibus
515 1597 608 1650 negotiis
624 1597 777 1640 ecciesiasticis
797 1598 923 1653 primatiam

65 1669 153 1711 visitare
176 1668 297 1722 contigerit,
318 1669 338 1710 ei
353 1668 437 1710 tamin
458 1668 649 1723 procurationibus
669 1683 735 1722 quam
750 1669 774 1710 in
792 1669 841 1711 aliis
856 1668 923 1712 hono-

65 1754 112 1782 rem
127 1744 240 1795 tamquam
256 1740 345 1794 primati
365 1742 438 1782 vestro
460 1743 482 1781 et
503 1740 648 1782 reuerentiam
669 1739 766 1782 debitam
784 1740 923 1795 impendatis

59 1813 98 1854 vita
114 1812 172 1866 quod
188 1811 214 1854 de
229 1815 303 1853 vestra
319 1811 432 1858 devotione
448 1812 528 1864 certior
543 1810 583 1853 fiat
596 1812 653 1854 etin
665 1812 833 1854 necessitatibus
846 1813 924 1854 vestris

66 1883 169 1925 libentius
186 1886 208 1925 et
223 1881 333 1925 efficacius
350 1882 428 1925 debeat
440 1883 501 1925 robis
514 1882 611 1925 favorem
624 1897 687 1925 suum
700 1886 766 1938 atque
779 1884 924 1939 patrocinium

66 1955 180 2009 impertiri.
212 1954 295 1996 Datum
310 1953 411 1997 Veronae
426 1953 474 1996 nn
489 1953 563 1997 Nonas
576 1954 657 1997 Martii.

68 2147 127 2190 384.
147 2149 238 2188 biberius
252 2148 288 2186 HI
298 2145 395 2199 frutribus
410 2145 551 2186 intorte-reor
565 2149 629 2187 reterri
645 2148 713 2187 sertui
728 2148 750 2186 de
761 2149 865 2197 praetutia
881 2162 924 2189 rutu-

141 2221 213 2268 e'creru,
236 2233 297 2271 quem
314 2221 338 2258 tu
353 2218 435 2257 ceretto
450 2217 582 2258 Letereueusi
597 2224 694 2259 stututuur
710 2220 745 2267 sit,
767 2233 876 2259 rubuerunt
891 2220 925 2259 be—

63 2292 66 2298 ’
120 2338 122 2341 ¹
142 2292 223 2330 rru'uuru
239 2295 256 2329 et
271 2291 430 2341 equitaturarum
445 2290 471 2329 ud
486 2303 555 2329 eeruut
570 2292 659 2330 coelestus
675 2291 820 2331 eddueeutibus.

140 2369 311 2407 1111111111.
327 2382 361 2406 ms.
377 2369 410 2405 ut.
423 2369 488 2405 rasta
507 2370 538 2406 fu.
552 2371 592 2406 rea.
613 2354 718 2418 Descripsit
729 2371 815 2422 uratum
831 2382 854 2407 ex

435 2430 557 2476 autographo.
605 2429 607 2432 ’

126 2524 229 2568 Urbanus
250 2526 362 2581 episcopus
379 2539 453 2567 servus
469 2540 581 2569 servorum
596 2527 639 2569 Dei
660 2526 744 2568 dilectis
764 2526 815 2569 filiis
837 2525 1044 2576 abbati311·86-87

68 2601 90 2640 et
105 2596 209 2640 fratribus
225 2598 315 2641 Maioris
331 2597 458 2640 monasterii
479 2598 502 2639 in
523 2597 652 2640 obedientiis
672 2602 694 2640 et
708 2598 840 2653 prioratibus
856 2598 925 2652 ipsius
953 2596 1030 2647 Aput.

68 2669 195 2712 monasterii
210 2670 333 2713 constitutis
350 2669 443 2712 salutem
462 2671 484 2710 et
503 2668 646 2723 apostolicam
660 2670 839 2713 benedictionem.
871 2668 925 2712 Cum

68 2740 136 2783 felicis
152 2742 270 2784 memoriae
285 2741 410 2784 Alexander
430 2731 587 2795 praedecessor
604 2745 679 2785 noster
698 2743 809 2796 episcopos
829 2745 851 2783 et
871 2741 925 2785 aiios

68 2813 209 2856 ecclesiarum
224 2813 334 2868 praelatos
350 2813 448 2856 audisset
469 2812 555 2866 saepius
575 2813 678 2855 ecclesias
697 2812 808 2855 hominum
828 2816 850 2855 et
866 2815 926 2867 equi-

68 2887 191 2927 taturarum
206 2898 296 2927 numero
312 2884 454 2928 immoderato
470 2896 568 2939 gravare7
584 2897 633 2926 cum
650 2884 738 2927 easdem
757 2884 860 2927 ecclesias
876 2884 926 2928 visi-

69 2956 152 3024 tabant,
169 2959 252 2999 certum
267 2957 355 3017 modum
371 2957 477 3013 episcopis
494 2959 516 2998 et
531 2955 579 2997 aliis
595 2956 700 3011 praelatis
716 2957 739 2997 in
757 2956 848 3000 concilio
861 2956 927 3001 Late-

129 3078 135 3096 1
148 3076 255 3113 Guilielmo.
305 3076 431 3112 2Guinum0.
481 3075 592 3111 3Hervaec.
