2178 3376
162 134 189 174 86
426 144 551 180 insoennnn
562 153 579 179 11
591 153 703 180 arrsronnn
716 145 750 179 us

76 249 133 288 1130
161 250 242 293 Montis
257 251 345 293 maioris
366 251 426 293 beati
441 251 502 294 Petri
523 251 576 293 iuris
599 251 673 293 existit
691 254 713 293 et
731 251 759 293 ad
778 254 876 294 sanctam
894 252 1016 295 Romanam

51 308 104 358 sepl-
114 310 148 347 22·
162 322 275 364 ecclesiam
288 322 412 377 specialiter
424 323 521 366 noscitur
533 324 648 378 pertinere.
668 322 823 365 Antecessores
834 323 941 377 siquidem
950 323 1016 365 vestri

161 393 232 437 locmn
248 395 319 448 ipsum
335 393 453 449 plurimum
466 394 579 449 diligentes
593 398 689 437 castrum
702 394 827 437 Pertusium
843 410 882 450 pro
896 396 1017 437 animarum

162 480 250 507 suarum
267 466 337 508 salute
353 466 451 519 praefato
467 466 599 509 monasterio
616 466 759 509 contulerunt.
789 466 918 509 Guillelmus
932 480 1017 521 quoque
1036 472 1037 475 ’

163 551 233 581 comes
249 540 299 592 post
313 537 390 591 longas
409 537 558 580 infestationes
578 537 647 580 eidem
665 538 738 579 illatas
757 538 801 580 iam
821 537 903 580 dictum
922 541 1018 580 castrum

161 624 201 663 per
216 623 304 651 manum
319 608 394 651 fratris
409 609 478 651 nostri
493 608 611 665 L(augerii)
626 609 779 651 Aninionensis
795 610 897 664 episcopi
906 609 1017 664 praedicto

162 681 293 723 moriasterio
312 681 335 722 in
353 683 423 723 morte
442 694 481 723 sua
499 681 602 723 restituit.
632 680 729 734 Ideoque
747 681 857 724 nobilitati
876 684 961 723 uestrae
979 694 1018 735 per

162 752 287 807 praesentia
300 751 381 806 scripta
394 751 528 806 mandamus,
545 755 652 806 quatenus
665 745 853 807 praenominatum
867 756 962 795 castrum
974 752 1019 793 iam

164 824 245 866 dictum
259 824 416 866 monasterium
439 823 484 865 sine
505 824 663 878 inquietatione
682 824 793 879 possidere
813 828 835 866 et
854 826 899 867 sine
918 823 1019 867 molestia

163 895 294 950 permittatis
317 898 339 937 et
361 895 388 937 ab
411 895 457 937 eius
478 894 617 938 infestatione
640 895 666 938 de
688 898 760 938 cetero
779 895 899 949 desistatis
923 895 1019 949 alioquin

163 966 286 1022 praefatum
307 967 463 1009 monasterium
489 980 528 1009 sua
549 967 631 1021 privari
652 967 737 1009 iustitia
758 967 881 1010 nullatenus
903 967 1018 1021 patiemur.

163 1038 245 1080 Datum
261 1037 320 1093 apud
336 1041 435 1080 sanctuni
450 1037 567 1092 Aegidium
582 1037 604 1080 X
619 1038 730 1081 Kalendas
747 1037 855 1081 Octobris.

796 1213 798 1220 1

164 1194 216 1239 173.
238 1196 491 1244 1111101111111131111111111,
507 1195 667 1235 ses-ciaootuoo
684 1197 703 1235 S.
719 1197 804 1236 illortioo
823 1197 861 1247 (18.
877 1196 932 1247 nori.)
952 1196 1020 1246 finni-

239 1268 275 1306 bus
286 1267 455 1306 dioran-maara
471 1267 569 1306 ecclesiam
583 1266 603 1306 S.
615 1267 693 1307 dauriae
705 1268 881 1318 Roocoroaeosom,
897 1281 910 1307 u
925 1267 1021 1317 portianos

239 1340 380 1379 Bonnensibus
396 1340 510 1390 optatorum,
527 1338 654 1378 odiodicossc.

331 1418 379 1455 naui.
392 1410 430 1455 na.
443 1420 501 1455 rans.
514 1431 548 1455 ms.
560 1420 593 1455 ra.
608 1420 665 1456 non
678 1431 693 1455 s.
706 1428 754 1456 xvn
765 1419 797 1456 fol.
810 1420 850 1455 111.
877 1465 880 1469 Α

86 1520 143 1559 1130
225 1514 364 1558 Innocentius
377 1515 492 1570 episcopus
508 1529 582 1557 servus
598 1529 710 1558 servorum
722 1515 764 1558 Dei
783 1514 868 1557 dilectis
881 1500 931 1556 filiis
940 1514 1022 1571 P(etro)

79 1581 153 1619 Uest-4·
167 1587 242 1630 abbati
262 1591 283 1629 et
301 1587 413 1629 monachis
428 1587 509 1629 Montis
531 1587 619 1630 maioris
642 1587 734 1630 salutem
757 1591 778 1629 et
799 1586 942 1642 apostolicam
957 1586 1021 1629 bene-

167 1659 289 1702 dictionem.
322 1657 376 1700 Cum
388 1659 447 1713 apud
463 1662 562 1701 sanctmn
574 1658 690 1713 Aegidimn
705 1657 840 1713 fuissemus‚1
856 1672 921 1713 super
937 1661 1022 1701 contro-

166 1731 244 1783 versia
264 1744 320 1785 quae
335 1730 393 1772 inter
408 1745 445 1773 vos
462 1733 484 1772 et
498 1729 635 1772 lirinensem
651 1730 767 1772 abbatem2
783 1730 809 1772 de
826 1730 917 1772 ecclesia
934 1732 1022 1772 sanctae

166 1802 250 1844 Mariae
267 1802 293 1844 de
308 1801 440 1845 Rocabruna
461 1801 592 1856 agitabatur,
611 1805 708 1843 uestram
722 1803 869 1857 praesentiam
884 1801 947 1844 nobis
964 1801 1022 1843 exhi·
1067 1795 1068 1798 ¹

166 1874 252 1916 bursus.
283 1873 328 1916 Nos
344 1877 424 1928 autem,
446 1874 549 1927 quoniam
570 1877 622 1915 tunc
641 1872 669 1915 ad
688 1887 777 1915 cansam
795 1873 903 1928 agendam
920 1874 1023 1927 imparati

167 1945 240 1999 eratis,
257 1946 374 1987 terminum
386 1945 447 1988 vobis
461 1948 483 1988 et
494 1945 527 1987 illi
539 1945 670 2000 praeteritas
683 1944 743 1987 beati
751 1945 841 1987 Martini
857 1948 945 1987 octavas
960 1958 1023 1999 prae-

166 2016 260 2059 fiximus.
286 2016 372 2060 Statnto
388 2018 463 2071 itaque
478 2017 571 2059 termino
586 2020 661 2059 nostro
677 2031 714 2059 uos
728 2017 854 2071 conspectui
865 2017 1023 2071 praesentastis

167 2093 189 2131 et
210 2091 256 2131 tarn
277 2092 361 2131 uestras
386 2103 452 2143 qnam
477 2087 563 2130 stabatis
585 2087 706 2130 Lirinensis
728 2088 869 2142 allegationes
895 2088 1022 2130 audivimus.

167 2160 306 2202 Asserebatis
319 2161 383 2214 enim,
399 2159 521 2215 praefatam
537 2159 651 2201 ecclesiam
663 2173 676 2201 a
688 2159 818 2214 Bertranna
835 2159 944 2214 quondam
956 2158 1023 2202 Foro-

166 2232 254 2273 iuliensi
274 2232 385 2286 episcopo,
401 2231 533 2274 monasterio
555 2234 627 2273 uestro
645 2230 712 2273 tuisse
731 2245 865 2285 concessam,
889 2232 1024 2274 econtrario

167 2317 217 2346 vero
230 2302 350 2345 Lirinensis
364 2302 432 2345 alibas
446 2303 584 2345 consessione
597 2303 728 2345 successoris
742 2303 782 2357 sui,
796 2302 924 2357 Berengarii
933 2301 1024 2345 Foroiu-

167 2375 241 2417 liensis
258 2375 361 2430 episcopi,
378 2373 406 2416 ad
425 2388 488 2416 sumn
504 2373 629 2416 affirmabat
644 2374 800 2417 monasterium
815 2374 931 2429 pertinere.
964 2373 1024 2417 Oete-

167 2462 216 2489 rum
231 2461 269 2490 vos
285 2447 429 2488 instrumenta
444 2446 513 2500 ipsius
529 2446 657 2500 Berengarii
676 2446 811 2500 ostendistis,
831 2446 910 2500 quibus
926 2446 1025 2489 eamdem

168 2518 283 2561 ecclesiam
294 2518 355 2560 uobis
368 2516 493 2560 firmaverat
506 2521 571 2573 atque
585 2521 727 2561 concesserat.
751 2517 895 2564 Postmodum
907 2532 957 2561 vero
971 2518 1024 2562 duos

167 2595 242 2645 testes,
259 2589 400 2633 Gnillelmum
420 2589 521 2632 uidelicet
538 2590 656 2633 Bertranni
672 2594 694 2633 et
708 2590 829 2645 Augerium
844 2588 871 2632 de
886 2589 1024 2645 Rocabruna

168 2664 190 2709 in
205 2662 301 2705 medium
313 2661 453 2717 proclamatis,
470 2662 508 2716 qui
518 2663 583 2705 tactis
594 2664 738 2706 sacrosanctis
751 2661 867 2716 evangeliis
877 2661 1024 2717 firmauerunt,

169 2749 191 2778 se
206 2734 286 2777 vidisse
302 2737 400 2789 tempore
415 2733 522 2789 praedicti
537 2734 655 2777 Bertranni
667 2733 823 2778 Foroiuliensis
840 2735 936 2790 episcopi
951 2749 1024 2777 inona-

169 2807 219 2850 chos
238 2806 320 2849 Montis
341 2806 430 2849 maioris
450 2808 638 2860 praenominatam
657 2807 770 2850 ecclesiam
790 2809 878 2849 sanctae
896 2806 980 2849 Mariae
999 2806 1025 2849 de

156 2878 300 2922 'Rocabrona
315 2878 438 2933 possedisse
454 2882 476 2920 et
492 2879 604 2921 annuatim
621 2878 647 2920 de
660 2892 686 2921 ea
699 2879 787 2921 servitia
804 2879 931 2933 suscepisse.
957 2878 1025 2921 Audi·

229 2999 236 3018 1
248 2998 266 3033 Α
278 2998 308 3035 die
320 2999 348 3033 11.
362 2997 386 3034 ad
398 2997 416 3033 d.
429 2998 457 3033 22.
470 3010 495 3034 m.
506 2998 627 3044 Septembris,
639 3002 662 3034 ut
674 2999 772 3045 apparebit
784 3010 807 3034 ex
820 3004 933 3046 regestorum
944 2998 1025 3035 secunda

170 3057 255 3094 editione.
305 3058 312 3077 '²
326 3057 422 3094 Garinum.
