2178 3376
177 132 219 173 206
291 154 292 157 ¹
437 142 565 177 Auuxnimur
577 150 602 176 111
614 149 727 176 Errsronnu
739 139 773 175 345

7 258 11 271 ·
53 246 164 289 1178-81.
176 250 257 305 gimus,
278 254 304 292 ut
324 250 356 292 rei
377 250 470 292 ueritate
485 250 570 306 plenius
586 249 697 303 inquisita,
720 248 738 290 si
756 249 788 290 ita
807 262 854 290 esse
872 248 989 301 iureneris,
1012 251 1034 289 et

176 325 320 365 memoratum
341 321 434 363 militem
454 322 478 363 in
499 321 630 364 sententiam
647 319 739 362 reducas
758 321 854 375 priorem
873 319 1034 375 etpredietum
1086 321 1089 331 ⁵

177 395 301 449 episcopum
317 407 356 447 pro
371 396 433 436 tanto
450 407 540 435 exoessu
558 393 637 447 punias
656 394 678 434 et
697 392 790 445 castiges
807 395 828 434 et
843 391 905 434 nobis
921 392 953 433 rei
969 392 1034 446 signi-

176 464 228 507 fices
243 466 364 518 veritatem,
382 468 407 506 ut
421 478 461 507 nes
474 465 551 519 ipsum,
565 466 630 518 prout
643 462 733 517 dignum
745 461 817 517 fuerit,
834 463 911 517 punire
919 464 1033 518 possimus.

180 742 237 785 345,
252 742 406 781 Δ111111111111111]
414 742 523 781 llrronenst'
534 740 677 790 orediepr‘soepo
687 745 704 779 et
714 740 857 779 notaacnota
866 740 953 791 episeopo
963 741 1035 789 sortitu„

252 826 293 853 sese
309 814 389 862 literas,
405 813 510 853 11111119.
526 812 646 861 ereptarum
661 825 673 851 d
689 811 738 851 lutee
754 813 839 862 quodam
852 813 905 863 falso
916 812 1037 862 ssrrpdesrleno

252 887 374 936 turrpetrntus,
394 885 464 924 irritus
479 884 600 923 clerountr'cn'e.
617 907 645 911 —
661 883 753 932 ruiana,
775 888 797 923 ut
816 884 933 924 seruientium
948 884 972 923 ab
987 884 1037 935 ipsis

253 959 315 996 tntum
330 957 415 1006 ftrrrrder
431 956 528 995 obseruari
543 955 623 1005 ferient.

250 1037 296 1084 Reg.
309 1036 363 1072 Alex.
376 1036 441 1082 fragm.
455 1047 484 1082 ep.
497 1036 525 1072 66.
539 1036 568 1080 dt,
580 1035 600 1070 in
613 1034 653 1071 eod.
667 1035 714 1071 Ooll.
727 1035 813 1071 Trinitat.
826 1035 933 1082 Cantabrig.
943 1036 966 1071 R.

480 1096 496 1131 9.
510 1096 538 1130 17.
558 1107 572 1130 s.
584 1104 622 1130 xri.
641 1094 673 1130 fol.
687 1094 736 1130 12812.

58 1212 168 1250 rrrs-si.
239 1204 361 1247 Turonensi
377 1203 561 1258 arehiepiscopo1,
578 1203 696 1257 apostolice
712 1203 769 1245 sedis
788 1203 867 1257 legato,
887 1202 1038 1246 1101111111]-

180 1277 242 1319 nensi
251 1277 370 1331 episcopor
395 1274 546 1330 Significatum
559 1278 593 1317 est
605 1274 674 1328 nobis,
691 1274 756 1329 qued,
773 1289 822 1317 111111
835 1277 938 1329 magister
949 1273 975 1317 G.
985 1282 1040 1317 'sen-

181 1348 273 1390 tentiam
289 1362 302 1389 a
317 1347 378 1389 robis
396 1346 541 1389 demandato
557 1349 631 1388 nostro
650 1345 718 1388 latam
738 1347 868 1389 arroteritate
886 1350 971 1402 peteret
989 1362 1040 1402 apo-

183 1420 260 1462 stoliea
275 1418 408 1473 confirmari,
428 1418 517 1472 quidam
532 1417 601 1459 laious
618 1431 641 1459 se
656 1418 757 1459 nuntium
772 1419 841 1473 partis
858 1418 947 1460 adverse
963 1433 1040 1473 propo-

182 1505 235 1534 nens
257 1489 443 1534 confirmationem
464 1491 535 1544 ipsam
557 1478 642 1531 studuit
662 1490 774 1543 impedire.
806 1488 860 1532 Cum
876 1495 949 1532 autem
968 1491 1041 1533 dilecti

183 1562 222 1604 filii
237 1563 307 1605 nostri
322 1561 453 1618 dllatlraens)
471 1561 530 1603 tituli
546 1560 617 1602 saneti
628 1560 727 1602 lllaroelli
742 1561 856 1616 presbyter
872 1566 894 1604 et
906 1561 1041 1619 Gtratianus)

184 1637 309 1676 sauctorum
319 1632 396 1676 Oosme
409 1637 431 1675 et
440 1631 544 1675 Damiani
557 1632 661 1674 diaeonus
674 1633 795 1675 cardinales
809 1633 835 1675 de
851 1634 954 1677 mandato
966 1638 1041 1677 nostro

183 1709 299 1759 utramque
314 1708 400 1760 partem
416 1701 538 1757 audissent,
560 1703 658 1759 prefatus
674 1697 753 1758 laicus,
776 1708 876 1759 presente
892 1709 914 1747 et
929 1706 1041 1760 ignorante

183 1778 288 1830 magistro
305 1775 339 1829 G,
356 1790 421 1831 super
443 1776 519 1818 eodem
540 1776 627 1828 negotio
649 1774 705 1817 falsa
722 1777 859 1830 suggestione
874 1776 959 1820 litteras
975 1777 1042 1832 impe-

183 1848 256 1901 trarit,
274 1861 323 1890 eum
339 1848 424 1902 quibus,
442 1847 566 1890 adversarie
583 1861 622 1888 suo
639 1847 697 1902 apud
712 1861 751 1889 nes
767 1852 900 1902 remanente,
918 1849 997 1891 dieitur
1016 1848 1043 1890 ad

184 1921 273 1974 propria
288 1933 404 1962 remeasse.
437 1917 493 1972 Quia
514 1919 582 1974 igitur
603 1918 657 1961 nulli
677 1919 742 1961 debet
761 1934 787 1961 ex
805 1919 882 1962 frande
901 1935 941 1963 sua
959 1920 1043 1962 utilitas

184 1991 304 2045 provenire,
321 1989 454 2033 fraternitati
469 1994 541 2033 vestre
556 2005 596 2046 per
612 1990 732 2046 apostoliea
745 1992 827 2046 scripta
838 1991 974 2046 mandamus,
991 2005 1043 2045 qua-

185 2063 250 2115 tinus,
267 2063 286 2104 si
301 2062 362 2105 robis
378 2062 413 2104 rel
429 2062 477 2104 aliis
493 2062 579 2104 litteras
595 2065 682 2105 nostras
698 2062 746 2104 nisi·
757 2064 900 2105 communiter
915 2064 1043 2119 impetratas

185 2134 295 2188 predietus
316 2134 385 2176 laious
397 2137 447 2176 aut
466 2134 521 2176 alius
541 2148 580 2188 pro
600 2134 691 2176 adversa
707 2139 769 2189 parte
785 2149 851 2190 super
867 2135 942 2178 eedem
957 2135 1044 2189 negotio

185 2206 353 2260 presentarerit,
376 2206 507 2248 auctoritate
529 2206 649 2261 apostoliea
671 2205 793 2248 decernatis
804 2205 892 2248 'effeotu
913 2220 987 2249 carere
1004 2219 1044 2247 neo

186 2290 225 2331 per
240 2276 289 2318 illas
305 2282 409 2331 partem.
425 2311 429 2319 .
444 2283 461 2319 ,ὓ
476 2277 592 2331 patiamini
608 2277 746 2331 aliquatenus
762 2278 856 2333 fatigari.

247 2347 316 2401 Quiah
333 2363 359 2390 ea
374 2349 472 2391 volumus
488 2348 618 2390 ineoneussa
633 2363 731 2403 manere,
752 2363 793 2403 que
813 2350 840 2392 de
855 2353 930 2392 nostra
946 2349 1044 2393 oomnis-

187 2421 247 2462 sione
263 2419 379 2462 ooneordia
394 2420 428 2461 rel
443 2419 523 2462 inclinio
536 2420 688 2474 terminantur,
707 2419 841 2463 fraternitati
855 2424 927 2464 restre
939 2435 979 2476 per
995 2435 1044 2476 apo-

187 2491 264 2534 stoliea
277 2492 359 2546 scripta
371 2490 518 2545 mandamusss,
536 2491 638 2546 quatinus
652 2493 789 2546 sententiam,
807 2491 891 2547 quaml,
908 2493 964 2536 siout
978 2492 1045 2535 ratio-

187 2550 292 2605 nabiliter
302 2562 349 2605 lata
362 2565 401 2616 est,
417 2566 489 2605 ratam
506 2567 527 2605 et
539 2562 625 2605 firmam
638 2562 750 2618 habemus,
769 2562 854 2606 faciatis
868 2563 960 2607 firmiter
973 2564 1045 2607 obser-

187 2635 240 2677 vari.
272 2634 295 2677 Si
311 2635 369 2676 enim
385 2637 435 2676 aeta
449 2634 529 2677 iterum
551 2637 675 2690 agerentur,
698 2648 811 2689 nunquam
830 2639 888 2678 esset
902 2636 974 2678 litium
989 2634 1045 2696 finis,

189 2706 227 2749 sed
242 2706 299 2749 inter
311 2705 387 2748 fideles
401 2704 482 2748 Christi
498 2705 585 2764 assidue
598 2707 747 2749 contentiones
761 2707 912 2762 extinguerent
925 2708 1044 2750 caritatem,

247 2855 255 2870 ἃ
267 2855 309 2893 sipla
321 2855 350 2885 doe
363 2854 397 2884 loeo
406 2854 462 2893 posita
474 2858 504 2893 est,
521 2864 567 2893 peram
579 2864 611 2884 neu
623 2854 694 2892 171111ῐῖ1911
698 2864 705 2892 ,¹
717 2854 834 2893 interpretanda
850 2855 911 2885 arctetur
924 2854 1011 2886 adversam
1023 2853 1047 2885 rol

190 2914 220 2944 tuli
230 2914 282 2944 ruodo.
336 2909 344 2931 ¹³
357 2912 518 2950 Quia—caritatem
530 2924 548 2944 eu
561 2914 597 2944 aliis
610 2914 665 2944 latter-is
678 2914 697 2943 de
709 2913 791 2945 reflorere
803 2915 825 2945 ad
837 2916 897 2946 eosdem
906 2916 989 2955 praelatos
1001 2914 1046 2945 desti-

190 2975 231 3003 netis
243 2978 304 3013 siriaudo
316 2983 347 3004 esse
359 2975 433 3005 ordiner.
482 2975 490 2991 ⁰
501 2973 602 3004 mandamus
614 2973 677 3004 ucldidi.
727 2968 736 2989 d
749 2982 800 3014 quam
812 2974 874 3005 ecldz'dr'.

249 3055 256 3074 1
269 3054 418 3090 Bartholomaeo.
468 3053 587 3090 ²Willelmo.
