2154 3394
348 161 471 198 Oouuusrmr
482 170 507 196 nr
519 168 632 197 EPISTOLAE
644 159 679 195 418
899 150 939 192 261

85 269 164 312 collata
173 268 251 320 luisset
261 273 282 311 et
292 270 358 312 etiam
368 270 500 313 auctoritate
511 268 632 324 apostolica
643 267 771 310 confirmata
786 267 878 310 dilectus
885 267 942 311 filius
968 267 1024 306 1196

85 340 173 395 abbas1,
190 341 227 395 qui
240 356 297 384 nunc
313 341 383 384 eidem
398 342 531 385 monasterio
546 343 641 396 praeest,
659 340 686 382 ad
701 340 831 396 petitionem
846 340 943 395 ipsormn
954 328 1036 366 llam·

84 412 178 454 fratrum
193 411 275 455 tructus
292 413 382 455 ecclesie
398 411 510 467 praedicte
529 411 560 454 ad
578 426 652 454 eorum
667 427 720 454 usus
735 413 835 467 proprios
853 411 943 467 deputa-

84 484 116 526 rit
129 488 156 539 et,
168 498 195 526 ne
206 484 286 527 donum
298 484 352 527 illud
364 487 439 538 posset
451 483 561 526 ullatenus
574 484 663 537 irritari,
678 497 742 539 super
753 483 795 527 hoc
807 484 943 537 iuratoriam,

86 556 142 598 sicut
158 556 245 611 dicitm,
264 555 377 611 praestitit
396 556 524 597 cautionem.
556 554 699 598 Postmodum
715 569 765 598 uero
781 570 848 610 pravo
865 555 943 598 ductus

85 628 182 682 consilio,
199 632 274 671 contra
289 626 441 670 iusiurandum
456 627 528 669 venire
544 641 588 669 non
604 630 708 680 metuens,
725 627 748 668 iu
764 627 835 669 anime
852 641 890 669 sue
906 641 942 682 pe-

70 699 177 749 riculum
199 700 307 754 quendam
329 699 440 752 clericum,
463 697 579 753 Spinonem
600 699 696 752 nomine,
718 699 742 740 in
763 698 854 740 ecclesie
873 699 943 754 ipsius

84 772 244 826 possessionem
259 770 365 814 uiolenter
384 770 479 812 intrusit.
511 769 615 813 Veientes
631 770 705 824 igitur,
721 770 778 811 sicut
793 773 816 812 et
831 770 942 825 debemus,

85 842 246 898 praedictorum
261 841 354 884 fratum]
369 842 413 884 iuri
428 842 515 896 adesse,
536 841 663 884 discretioni
681 845 753 884 vestre
767 856 806 896 per
823 842 943 896 apostolica

86 915 168 969 scripta
180 915 316 967 mandamus,
333 914 443 967 quatinus,
455 913 473 955 si
483 913 610 968 praemissis
622 912 704 955 veritas
717 912 856 968 suffragatm,
870 918 943 957 amoto

88 1000 101 1029 a
116 986 229 1041 praedicta
247 985 339 1028 ecclesia
358 984 456 1038 quolibet
470 984 547 1027 illicito
564 984 686 1038 detentore,
705 985 777 1040 ipsam
793 986 943 1040 conquerenti-

85 1058 136 1111 bus,
159 1057 246 1100 sublato
269 1056 421 1111 appellationis
441 1056 560 1111 obstaculo,
581 1071 630 1098 cum
645 1055 752 1098 fructibus
767 1056 818 1099 inde
833 1058 942 1112 perceptis

86 1130 180 1183 restitui,
197 1129 253 1171 sicut
265 1128 348 1169 iustum
358 1126 430 1181 luerit,
447 1127 541 1181 faciatis,
557 1127 622 1170 nullis
632 1127 712 1187 litteris
722 1128 810 1170 ueritati
821 1132 842 1170 et
857 1129 942 1171 iusticie

85 1200 242 1255 praeiudicium
263 1199 393 1241 facientibus
419 1214 432 1241 a
454 1199 504 1242 sede
527 1199 647 1254 apostolica
671 1200 801 1254 impetratis.
840 1199 902 1254 Quod
924 1202 942 1243 si

85 1286 159 1315 omnes
174 1272 216 1314 hiis
233 1270 364 1326 exequendis
380 1271 522 1325 nequiveritis
535 1272 647 1325 interesse,
666 1270 708 1313 duo
721 1274 817 1313 vestrum
833 1286 859 1314 ea
874 1273 941 1315 nichi-

84 1343 177 1386 lominus
200 1346 341 1398 exequantur.
372 1342 455 1385 Datum
473 1341 579 1385 Laterani
594 1341 629 1384 XI
643 1341 693 1385 Kal.
714 1341 781 1397 lunii,
801 1343 941 1397 pontificatus

84 1415 154 1457 nostri
170 1429 226 1458 anuo
243 1418 310 1456 sexto.

83 1559 139 1602 418.
163 1561 283 1600 Ocelcstinns
298 1560 333 1599 HI
351 1561 444 1599 oinrnbns
466 1560 565 1599 cmlcsicnn
587 1559 607 1599 S.
627 1559 723 1599 Gerninni
738 1561 761 1599 de
776 1561 844 1600 raons
860 1562 940 1613 (Paris.)

158 1632 226 1671 clicbns
246 1632 366 1683 qnitnsdnrn
383 1632 510 1671 visitantibus
532 1644 643 1670 cericesscinn
659 1632 683 1670 nb
698 1633 811 1671 Alencindro
826 1633 861 1672 ΙΠ
875 1634 941 1673 incbd-

155 1704 243 1753 pentiurn
258 1703 329 1753 nipinti
344 1703 422 1742 dierunt
436 1703 557 1753 coinfirmor&

266 1783 345 1830 Aueogr.
358 1782 379 1818 ln
390 1783 455 1819 ratur.
468 1785 507 1819 nai.
519 1781 577 1818 Paris.
590 1782 612 1818 L.
625 1783 660 1819 aas
673 1795 692 1819 n.
705 1774 757 1819 rent.

143 1889 264 1932 Gelestiuus
280 1891 394 1945 episcopus
411 1903 485 1932 servus
498 1904 610 1933 serrorum
619 1889 661 1932 Dei
676 1890 783 1933 uniuersis
795 1890 875 1934 Christi
887 1891 939 1935 fide-
966 1898 1022 1938 1196

82 1961 139 2004 libus
160 1976 200 2016 per
220 1975 311 2015 regnum
332 1960 468 2005 Francorum
490 1961 615 2004 constitutis
637 1961 731 2003 salutem
754 1966 776 2004 et
798 1964 940 2018 apostolicam
952 1959 1034 1997 111128-

82 2033 262 2076 benedictionem.
294 2031 382 2075 Certum
402 2036 436 2075 est
456 2036 478 2074 et
499 2032 617 2074 multarrnn
639 2034 798 2088 scripturarum
815 2036 940 2079 testimonio
1062 2021 1064 2024 .

83 2098 257 2159 comprobatum,
277 2104 371 2158 qualiter
389 2103 454 2147 beato
470 2104 537 2146 Petro
557 2104 653 2147 celorum
671 2104 734 2159 regni
750 2105 858 2161 clavigero
874 2107 941 2149 domi-

82 2190 123 2218 nus
145 2189 171 2217 ac
188 2175 326 2229 redemptora
347 2179 422 2218 noster
437 2175 514 2218 lbesus
531 2174 630 2218 Christus
651 2164 735 2229 ligandi
756 2180 823 2231 atque
845 2177 942 2220 soluendi

43 2296 44 2304 ,
84 2247 171 2302 plenam
186 2247 264 2289 tribuit
279 2250 412 2301 potestatem
431 2247 475 2288 illis
490 2247 593 2302 precipue
611 2247 692 2301 verbis,
713 2248 791 2302 quibus
806 2248 892 2292 locutus
909 2253 942 2292 est

83 2318 165 2361 diceus:
184 2322 212 2360 lb
228 2334 247 2360 cs
263 2321 334 2360 Petrus
350 2325 367 2360 et
379 2334 438 2371 snper
453 2321 504 2361 lianc
516 2321 597 2360 Petrum
613 2321 706 2371 aedificabo
721 2323 821 2362 cmlesicnn
836 2336 908 2372 araeden,
925 2329 942 2363 er

82 2393 217 2444 qnodcninqne
232 2393 323 2442 lipnneris
338 2404 397 2442 siqrer
412 2397 491 2442 terrain,
508 2393 545 2431 erit
558 2393 652 2442 (liqntinn
667 2394 693 2446 cb*
704 2394 728 2433 in
739 2394 791 2443 celis,
805 2399 822 2434 at
835 2396 940 2445 quodann-

82 2477 119 2515 qnc
134 2464 214 2504 solveris
230 2476 288 2515 supa
303 2468 382 2512 terrani,
402 2464 439 2503 erit
450 2465 540 2503 solinunt
555 2468 572 2503 et
587 2464 611 2503 in
625 2464 687 2503 celis.3
717 2461 781 2504 Hanc
797 2463 888 2505 eandem
902 2478 940 2518 pc-

51 2529 53 2532 ’
81 2536 185 2575 testatem
201 2533 284 2575 cunctis
307 2531 467 2575 successoribus
488 2533 534 2574 eius
556 2531 583 2574 ab
603 2532 679 2575 ecdem
697 2533 834 2589 redemptore
853 2533 939 2577 domino

81 2606 157 2647 nostro
172 2603 240 2647 fuisse
256 2603 358 2653 collatam
374 2618 387 2645 a
402 2603 471 2657 nullo,
494 2603 532 2658 qui
543 2616 661 2645 ‘sacrarum
676 2603 758 2647 habeat
773 2604 940 2660 intelligentiam

83 2675 246 2730 scripturarum,
264 2676 370 2718 credimus
385 2675 488 2729 ignorari.
514 2674 549 2717 Ex
562 2675 682 2730 eademque
694 2678 804 2730 potestate
816 2676 885 2731 nobis,
902 2677 940 2731 qui

81 2747 104 2789 in
122 2746 182 2789 beati
197 2746 259 2790 Petri
278 2747 382 2789 cathedra
403 2746 455 2788 licet
472 2746 556 2801 indigni
578 2748 719 2801 accessimus,
741 2761 755 2789 a
777 2747 854 2791 domno
873 2740 954 2790 ihesu*

83 2817 168 2861 Christo
185 2832 294 2874 concessa,
311 2834 360 2862 cum
376 2818 465 2861 ecclesie
481 2818 552 2860 sancti
568 2817 672 2860 Germani
687 2818 813 2873 Parisiensi,
832 2833 874 2874 que
889 2834 938 2874 pro·

82 2890 128 2946 prie
145 2889 173 2932 ad
190 2889 224 2932 ius
243 2893 382 2933 sacrosancte
397 2889 495 2933 Romane
514 2889 605 2932 ecclesie
626 2890 731 2944 pertinet,
754 2889 823 2933 felicis
838 2891 939 2935 recorda-

141 3003 149 3018 ²²
161 3000 238 3041 redeptor
251 3006 312 3041 aritopr.

142 3069 233 3105 ¹Petrus.
283 3070 290 3089 ²
303 3070 331 3105 cf.
344 3081 401 3117 supra
414 3082 442 3117 ep.
455 3070 495 3106 240.
545 3068 633 3104 3Matth.
647 3069 675 3113 lb,
689 3068 711 3104 18
724 3072 743 3105 et
755 3070 783 3105 19.
