2154 3394
299 195 422 232 Connusrmr
433 206 458 232 nr
470 204 582 232 urrsrounu
595 196 635 232 399.
648 196 683 232 400
876 184 918 226 245

63 318 113 346 rum
122 303 205 359 pastori
217 308 341 347 reverenter
353 308 375 347 et
386 304 498 347 humiliter
508 303 629 346 deferentes
640 303 736 346 debitam
745 304 766 346 ei
775 303 921 347 obedientiam
947 300 1002 339 1191

63 375 202 431 impendatis,
215 376 298 419 monita
309 376 378 431 ipsius
394 375 490 419 salubria
503 379 525 418 et
534 374 639 417 mandata
651 376 762 431 recipiatis
774 375 887 418 humiliter
899 379 921 417 et
934 360 983 400 N0V·
993 361 1011 399 δ’

63 447 112 489 sine
122 444 266 501 refragatione
277 447 366 490 servetis
376 451 404 502 et,
419 462 467 490 cum
476 462 514 490 vos
525 447 614 489 statutis
624 446 757 501 temporibus
768 446 796 489 ad
806 446 922 489 concilium

64 518 99 560 vel
109 508 214 560 ¹sinodum
227 518 312 561 cluserit
325 518 452 573 evocandos,
471 519 517 561 sine
532 517 638 560 tarditate
655 518 753 573 qualibet
765 518 875 561 accedatis
892 521 920 572 et,

64 590 85 632 si
101 604 154 645 quos
166 604 209 644 pro
228 591 272 632 suis
294 590 417 633 excessibus
439 590 556 633 interdicto
577 589 612 631 vel
632 590 849 633 excommunicationi
871 589 921 632 sub-

64 661 151 718 iecerit,
173 662 241 716 ipsius
263 662 393 704 sententiam
414 661 570 704 inviolabiliter
591 675 677 703 servare
698 662 784 704 curetis.
816 660 852 703 Ad
866 661 921 703 haec

65 732 127 775 vobis
143 734 273 775 auctoritate
289 733 436 788 praesentium
448 732 578 786 inhibemus,
594 746 621 774 ne
637 732 716 787 aliquis
728 736 825 775 vestrum
837 746 921 776 excom-

65 804 188 847 municatos
209 804 243 846 vel
264 804 392 846 nominatim
410 804 538 846 interdictos
558 804 604 845 eius
620 803 648 846 ad
667 804 801 859 sepulturam
817 807 868 846 ante
884 803 922 846 ab·

69 875 198 919 solutionem
213 875 314 930 recipiat,
335 874 432 929 alioquin
450 889 489 918 nos
506 875 525 917 ei
540 874 684 917 interdicendi
700 874 819 929 ecclesiam,
839 876 922 930 inqua

67 948 109 990 hoc
124 950 287 1002 praesumptum
300 945 371 1000 fuerit,
389 946 456 989 donec
468 946 535 988 fuerit
547 945 640 988 cadaver
652 946 751 1000 eiectum,
766 946 859 990 liberam
872 961 921 989 con-

69 1018 172 1061 cessimus
188 1018 306 1060 autoritate
322 1017 442 1072 apostolica
460 1016 594 1060 iacriltatem.
625 1016 708 1060 Datum
726 1017 831 1061 Laterani
846 1022 921 1062 octavo

67 1089 121 1132 Idus
136 1088 271 1142 Novembris,
287 1088 426 1143 pontificatus
442 1089 511 1131 nostri
527 1103 583 1131 anno
598 1089 675 1144 primo.

66 1269 127 1313 399.
147 1270 309 1310 Coelestinnslll
324 1270 413 1310 [hitherto
428 1271 571 1321 ni‘clriepiscopo
581 1271 692 1310 Arelatensi
707 1271 798 1320 coaccedit,
819 1272 922 1322 55155515-

142 1342 184 1381 sios
199 1355 234 1381 sen
249 1342 371 1392 cninpcniiic
385 1343 501 1390 transcurriat,
516 1347 539 1387 iit
554 1355 586 1381 eos
601 1343 757 1382 rrnntbernntinet

214 1423 294 1468 Autogr.
306 1421 327 1457 in
338 1420 383 1457 bibl.
396 1425 435 1457 nat.
447 1421 506 1457 Paris.
519 1422 565 1458 Ooll.
578 1422 647 1457 Baluze
661 1422 695 1458 380
707 1433 725 1457 u.
739 1422 767 1456 23.

127 1517 247 1560 Oelestinus
263 1518 377 1572 episcopus
393 1530 467 1559 servus
485 1531 596 1560 servorum
607 1517 650 1559 Dei
662 1516 782 1559 venerabili
794 1517 858 1561 tratri
870 1517 922 1562 Um·
947 1526 1003 1565 1191

66 1589 129 1631 berto
144 1588 269 1631 Arelatensi
285 1588 447 1643 archiepiscopo
470 1588 562 1631 salutem
582 1592 604 1632 et
626 1588 769 1644 apostolicam
790 1589 922 1633 benedictio·
936 1587 1012 1626 11016-

66 1674 123 1702 nem.
149 1660 307 1713 intelleximus,
324 1659 388 1715 quod,
405 1674 454 1702 oum
466 1661 489 1702 in
502 1660 589 1703 civitate
602 1664 641 1702 tua
653 1660 779 1715 frequenter
792 1661 922 1704 seditionum

66 1731 171 1774 scandala
184 1732 322 1786 suscitentur,
340 1745 390 1786 sepe
406 1732 517 1786 contingit,
534 1735 559 1774 ut
574 1731 671 1774 nonnulli
685 1731 788 1774 ecclesias
802 1735 823 1775 et
836 1746 922 1788 campa-

66 1803 121 1845 nilia
135 1807 182 1845 tam
197 1804 220 1845 in
235 1803 283 1858 ipsa
299 1802 386 1844 civitate
409 1817 474 1857 quam
493 1803 562 1857 burgo
581 1803 610 1845 ad
628 1803 662 1845 sui
681 1803 796 1846 trutionem
812 1807 834 1845 et
850 1803 922 1846 defen-

68 1874 150 1917 sionem
165 1874 270 1916 invadant
286 1877 308 1916 et
319 1874 373 1929 ipsis
388 1878 502 1929 tamquam
518 1874 651 1917 secularibus
668 1874 767 1917 domibus
782 1876 871 1930 propria
891 1879 923 1918 te-

67 1945 169 1987 meritate
180 1949 278 1987 utantur.
307 1943 364 1998 Quia
378 1946 446 1999 igitur
460 1946 483 1987 id
499 1946 586 1988 obvium
600 1947 681 1989 rationi
697 1946 817 1989 dinoscitur
833 1950 855 1988 et
869 1948 923 2002 ipsis

67 2016 203 2059 invasoribus
224 2017 368 2072 pernitiosum
386 2017 470 2071 existit,
488 2016 623 2059 fraternitati
640 2021 678 2059 tue
697 2018 831 2073 presentium
850 2021 923 2061 aucto-

67 2088 133 2130 ritate
149 2088 292 2142 concedimus,
313 2092 338 2130 ut
354 2087 382 2129 ad
399 2088 440 2130 hec
459 2088 586 2143 corrigenda
604 2103 693 2131 manum
712 2088 785 2131 debite
801 2089 924 2132 severitatis

67 2174 186 2214 apponens,
207 2160 225 2202 si
241 2159 321 2215 quide
337 2164 409 2203 cetero
426 2160 528 2204 ecclesias
544 2162 604 2217 ipsas
621 2174 659 2203 seu
676 2159 808 2216 campanilia
822 2160 925 2203 invadere

67 2231 124 2273 forte
140 2232 317 2286 presumpserint,
333 2231 376 2273 nisi
392 2233 529 2286 quamtocius
545 2232 573 2275 ad
588 2232 716 2275 mandatum
731 2235 794 2274 trium
812 2232 924 2286 redierint,

42 2295 44 2302 ’
67 2306 114 2344 tam
129 2303 152 2344 in
166 2303 215 2358 ipsa
231 2303 319 2345 civitate
338 2316 404 2357 quam
426 2303 495 2358 burgo
517 2303 590 2346 divina
608 2302 753 2346 interdicendi
772 2300 794 2345 et
811 2303 860 2346 illos
878 2303 924 2345 vin-

68 2374 117 2418 culo
139 2374 285 2417 anathematis
306 2373 426 2417 innodandi
448 2375 594 2430 appellatione
618 2378 703 2417 remota
726 2374 819 2416 liberam
842 2374 925 2416 habeas

68 2445 202 2488 facultatem.
239 2446 322 2488 Datum
343 2445 449 2489 Laterani
470 2445 527 2489 VH]
548 2445 601 2489 111115
621 2446 760 2500 Novembris,
784 2445 924 2501 pontificatus

69 2518 138 2560 nostri
154 2532 210 2561 anno
225 2519 302 2573 primo.

68 2698 133 2742 400.
150 2699 268 2739 Caelestinus
283 2700 317 2740 ΠΙ
336 2701 406 2740 11550550
428 2705 445 2740 et
466 2697 542 2740 diicbns
560 2700 662 2739 curionieis
677 2699 807 2739 lirinensibus
825 2698 925 2748 nepotiana

144 2771 185 2820 dcet,
204 2776 227 2810 nt
246 2774 399 2812 coiiirocersinin
419 2772 470 2811 inter
487 2772 634 2811 iiioncsterinnc
650 2771 670 2811 S.
690 2771 768 2811 Gisleni
785 2775 802 2809 51
816 2770 925 2809 Bentrieein

144 2843 166 2882 de
178 2842 259 2882 Bonssn
274 2844 310 2883 din
326 2845 420 2893 npitntnin
436 2843 568 2882 deierniinent.
677 2840 680 2843 ’

188 2921 236 2958 Bibl.
249 2926 288 2959 nat.
301 2923 359 2960 Paris.
372 2935 406 2960 ms,
419 2923 451 2959 lat.
465 2923 529 2959 12674.
544 2923 576 2959 fol.
590 2923 640 2958 21312.
660 2934 718 2958 manu
730 2934 744 2958 s.
757 2930 809 2957 XVII.

130 3017 250 3061 Oelestinus
266 3006 380 3074 episcopus
396 3033 470 3062 servus
486 3032 596 3061 servcrrun
611 3017 654 3060 Dei
673 3017 760 3059 dilectis
773 3015 824 3059 filiis
843 3015 925 3062 decano
954 3023 1010 3062 1192

71 3090 218 3146 etmagistris
235 3089 344 3145 Stephano
365 3094 387 3133 et
404 3090 518 3135 Poncardo
539 3089 647 3133 canonicis
667 3088 811 3131 Remensibus
833 3084 1021 3132 salutamen-20·
