2154 3394
319 195 441 232 Connnsrrnr
452 206 478 232 in
489 204 602 233 nrrsronnn
614 196 649 232 loa
869 187 910 228 247

56 302 207 356 promulgavit.
239 302 282 346 Sed
297 303 343 346 filia
361 305 495 360 praescripte
510 304 594 359 Aledis,
618 304 754 366 absolutione
772 318 912 360 nequaquam
937 303 994 342 1192

57 374 153 427 obtenta,
174 374 259 417 cuidam
274 376 320 418 viro
336 375 488 419 nichilominus
506 376 589 419 nubere
604 378 692 432 propria
710 377 834 420 temeritate
850 391 912 431 prae-
923 363 1005 403 111112·

57 447 155 502 sumpsit.
186 445 220 488 De
235 451 308 489 vestra
322 447 389 501 igitur
404 447 521 502 prudentia
540 447 682 503 confidentes,
703 448 849 504 querimonias
868 462 911 490 me-

56 521 152 560 moratas
167 522 238 560 vestro
255 518 355 560 duximus
372 519 466 561 examini
485 520 661 575 committendas,
683 520 809 563 discretioni
826 523 913 562 vestrae

56 604 95 644 per
110 589 231 645 apostolica
246 591 328 645 scripta
343 589 480 645 mandantes,
497 592 607 647 quatinus,
623 594 705 635 vocatis
722 593 750 636 ad
765 592 913 648 praesentiam

56 664 151 703 vestram
167 661 205 715 qui
219 661 301 704 luerint
319 661 429 715 evocandi,
446 662 540 705 audiatis
552 663 603 705 hinc
620 663 670 706 inde
688 665 801 720 proposita
817 667 839 705 et
854 662 913 717 quod

19 742 21 746 '
56 723 138 775 iustum
154 732 225 788 fuerit,
242 733 388 789 appellatione
403 734 531 788 postposita,
547 733 648 777 iudicetis
662 739 683 777 et
698 735 783 778 faciatis
803 735 861 790 quod
877 735 912 777 de-

57 804 167 846 creveritis
182 819 222 859 per
238 818 352 847 censuram
366 804 524 848 ecclesiaticam
537 806 692 849 inviolabiliter
705 808 823 850 observari.
849 805 914 860 Quod

57 876 75 917 si
91 889 165 918 omnes
180 875 221 918 hiis
239 874 370 931 exequendis
383 877 524 931 nequiveritis
539 878 652 932 interesse,
669 878 711 921 duo
726 882 823 921 vestrum
839 892 865 921 ea
879 878 913 920 ni-

57 947 184 990 chilominus
201 951 343 1004 exequantur.
375 946 458 991 Datum
469 947 575 991 Laterani
587 948 635 992 ΠΠ
650 949 683 992 ld.
696 950 756 1005 lldaii,
772 950 913 1006 pontificatus

7 1075 9 1079 Δ
56 1020 126 1062 nostri
141 1033 197 1063 anno
214 1020 314 1063 secundo.
840 1011 842 1014 ¹

57 1202 118 1246 402.
137 1204 261 1251 Caelestinus
272 1204 306 1243 ΙΙΙ
318 1204 418 1244 00100010
433 1205 764 1255 000100100000ον001011010010101,
780 1209 803 1244 ut
813 1205 914 1255 popina

130 1276 253 1326 irrdrrlpeute‘u
263 1276 368 1326 proposita
383 1277 409 1316 ud
423 1277 509 1316 collectus
524 1277 548 1316 e'u
559 1290 621 1316 arsitia
635 1277 793 1327 reiteret-auia
807 1271 913 1316 testitudi-

131 1347 167 1386 des
182 1347 314 1397 adlterteutur,
331 1353 362 1387 eet.

244 1415 361 1462 Autograph.
373 1415 394 1452 in
405 1416 464 1452 tabul.
477 1419 515 1452 nat.
527 1416 586 1452 Paris.
598 1416 620 1452 L.
633 1417 668 1452 235
680 1429 699 1452 n.
712 1417 729 1452 8.

117 1523 237 1567 Oelestinus
254 1525 368 1579 episeopus
385 1539 458 1567 servus
475 1538 586 1567 servorum
601 1523 643 1566 Dei
660 1523 822 1566 venerabihbus
840 1522 984 1568 fratri-1192

57 1595 98 1638 hus
114 1596 293 1651 archiepiscopis,
316 1597 422 1652 episcopis
445 1601 467 1639 et
488 1596 573 1638 dilectis
594 1595 645 1638 tihis
662 1595 788 1649 abbatibus,
804 1594 914 1650 prioribus
926 1589 964 1628 lUl·
976 1590 995 1628 ὅ.

58 1671 80 1709 01
95 1659 143 1710 aliis
160 1667 300 1710 eeclesiarum
315 1668 416 1722 prelatis,
433 1668 461 1710 ad
478 1682 532 1723 quos
547 1668 620 1709 littere
636 1668 677 1709 iste
692 1667 839 1722 pervenerint,
857 1666 914 1708 salu-

57 1742 102 1780 tem
118 1742 139 1780 et
157 1739 299 1793 apostolicam
318 1739 496 1783 benedictionem.
528 1738 576 1781 Non
598 1738 681 1792 absque
704 1737 777 1780 dolore
800 1737 870 1781 coivhs
893 1741 915 1780 et

57 1810 151 1864 plurima
166 1810 291 1853 turbatione
307 1809 427 1865 chdicimus,
444 1810 502 1866 quod
520 1811 553 1853 ita
567 1811 590 1852 in
605 1810 715 1865 plerisque
730 1809 831 1864 partibus
847 1809 914 1851 eccle-

59 1881 147 1923 siastica
162 1895 253 1923 censma
269 1881 368 1924 dissolvit
386 1886 408 1924 et
426 1879 536 1925 canonice
550 1881 776 1924 sententieseveritas
793 1885 914 1935 enervatur,

57 1957 82 1994 ut
100 1953 142 1994 viri
161 1953 258 2007 religiosi
280 1956 302 1996 et
322 1953 354 1995 hii
374 1954 478 2008 maxime,
501 1954 539 2008 qui
554 1968 594 2008 per
614 1952 670 1995 sedis
690 1952 808 2007 apostohce
829 1952 915 2007 privile-

58 2024 94 2078 gia
109 2024 186 2066 maiori
202 2024 277 2067 donati
293 2029 344 2067 sunt
362 2025 475 2079 libertate,
497 2025 579 2080 passim
598 2040 611 2067 a
626 2023 804 2067 malefactoribus
824 2024 868 2066 suis
884 2024 916 2065 in-

58 2097 137 2139 iuriam
153 2097 276 2139 sustineant
291 2100 313 2138 et
328 2110 451 2151 gravamen,
469 2096 519 2139 dum
534 2097 571 2139 vix
582 2096 697 2150 invenitur,
715 2096 752 2150 qui
765 2109 860 2150 congrua
872 2095 916 2137 illis

59 2168 193 2223 protectione
209 2167 323 2210 subveniat
344 2171 366 2209 et
383 2182 422 2223 pro
442 2167 534 2211 fovenda
552 2182 674 2223 pauperum
691 2168 816 2210 innocentia
831 2181 917 2209 murum

60 2239 190 2281 defensionis
206 2243 308 2295 opponat.
340 2238 395 2282 Oum
413 2243 486 2282 autem
504 2240 578 2282 dilecti
596 2239 637 2282 tilii
654 2240 725 2282 nostri
742 2239 821 2281 iratres
839 2239 917 2280 militie

40 2301 41 2306 ¹
60 2311 144 2366 Templi
156 2324 226 2366 nuper
238 2311 378 2366 permittente
387 2311 481 2369 Domino
492 2311 519 2353 ab
529 2311 621 2353 inimicis
633 2310 751 2354 Christiani
763 2310 855 2353 nominis
868 2324 916 2364 gra-

59 2384 115 2425 viter
131 2383 174 2425 sint
190 2384 288 2438 oppressi
301 2385 323 2424 et
337 2383 481 2437 vehementer,
496 2383 552 2427 sieut
567 2396 604 2424 vos
617 2396 681 2426 nosse
695 2382 809 2436 credimus,
823 2381 917 2438 barbara
958 2383 969 2422 .'

61 2454 138 2497 sevitia
153 2468 288 2510 paganorum
309 2454 358 2497 illos
380 2455 403 2496 in
422 2455 520 2510 personis
543 2457 565 2497 et
582 2453 648 2497 rebus
668 2454 793 2496 exhauserit
811 2456 833 2495 et
851 2452 918 2494 etiam

60 2541 99 2580 pro
115 2529 174 2568 terra
190 2529 266 2569 saneta
282 2525 308 2568 de
323 2525 410 2568 illorum
426 2525 532 2580 spurcitia
543 2525 658 2568 hberanda
674 2528 772 2581 sumptus
787 2524 918 2579 pertulerint

61 2601 83 2639 et
97 2597 183 2640 labores
200 2601 222 2640 01
236 2612 276 2653 pro
291 2597 339 2652 ipso
357 2596 447 2639 hmnani
465 2597 549 2652 generis
566 2597 674 2639 salvatore
694 2597 778 2639 animas
796 2609 876 2651 ponere
892 2608 918 2637 ac

61 2683 101 2724 pro
116 2667 221 2711 fratribus
238 2672 335 2711 extrema
350 2667 423 2710 subire
438 2669 536 2723 pericula
545 2683 589 2711 non
599 2668 722 2722 formident,
739 2667 767 2710 ad
781 2667 917 2709 benefacien-

62 2740 114 2782 dum
129 2740 182 2795 ipsis
198 2741 265 2782 etiam
281 2740 327 2783 sine
343 2739 495 2783 sollicitatione
510 2743 587 2783 nostra
601 2740 679 2782 merito
694 2739 788 2795 possetis
807 2737 881 2780 induci
896 2740 918 2779 et

62 2811 146 2855 adhoc
164 2814 247 2854 vestros
267 2811 365 2854 subditos
387 2812 515 2867 propensius
534 2812 633 2854 invitare.
666 2810 719 2853 Cum
735 2814 808 2853 autem
825 2808 919 2864 predicti

62 2883 147 2937 fratres,
164 2884 221 2925 sicut
232 2883 398 2926 universitatem
409 2886 505 2925 vestram
516 2883 586 2925 latere
595 2898 639 2926 non
651 2882 765 2935 credimus,
778 2880 919 2923 laudabiliter

63 2958 85 2997 01
106 2955 193 2998 assidue
214 2969 254 3010 pro
277 2955 392 2997 salvatoris
413 2954 493 2996 iniuria
514 2953 646 2997 vindicanda
668 2953 779 2996 decertent
797 2956 819 2994 et
836 2952 872 2993 vix
891 2951 919 2993 ad

62 3029 124 3068 tante
141 3026 218 3069 mihtie
234 3022 416 3069 sustentationem
431 3029 547 3082 proventus
564 3040 639 3069 eorum
655 3024 754 3068 sufficere
770 3024 919 3078 dinoscantur,

63 3101 180 3152 protento
199 3098 366 3140 christianitatis
386 3097 497 3141 commodo
516 3111 560 3140 non
581 3098 651 3140 solum
669 3096 782 3140 mobilium
798 3095 836 3138 sed
853 3096 920 3138 etiam
