2178 3376
142 129 170 168 94
271 141 273 143 ·
407 140 533 175 Iunoonurir
544 149 561 174 n
573 149 685 194 nrisnornn
697 142 731 177 185

23 246 128 284 iias-42
141 246 249 301 habuerit,
266 261 309 289 non
324 250 398 288 tamen
413 246 551 290 Noviomensi
567 247 671 290 ecelesiae
688 248 786 291 subieota
798 251 837 290 aut
851 249 914 290 unita
929 248 996 290 fuisse

40 307 86 344 ¹30⁰·
95 306 128 344 30·
141 318 227 373 legitur.
252 321 340 372 inqua,
355 318 411 361 siout
423 319 540 362 multorum
552 319 648 361 veridioa
660 320 766 363 relatione
779 322 928 375 comperimus,
942 321 996 362 mul-

141 391 211 433 titudo
221 390 333 432 hominum
341 394 416 433 tanta²²
426 391 539 444 suoorevit,
549 394 574 432 ut
583 392 706 435 neeessario
711 393 824 447 proprium
831 392 910 435 debeat
915 393 997 435 habere

142 464 269 516 antistitem,
286 462 372 504 etiamsi
387 477 430 505 non
444 463 564 517 antiquitus
576 463 696 505 habuisset.
721 463 818 506 Eaedem
831 478 916 518 quoque
930 464 997 507 61616-

142 535 187 576 siae
202 538 265 577 tanta
277 535 374 576 locorum
386 534 444 577 inter
457 568 515 577 .....
521 536 530 562 ¹³
547 535 574 577 ab
590 535 682 577 invieem
698 537 808 578 seiunotae
825 540 881 589 sunt,
899 535 960 590 qnod¹
969 535 997 577 ab

141 621 184 649 uno
195 610 282 661 pastore
295 607 341 648 sine
354 607 415 661 gravi
428 607 549 649 animarum
558 607 654 662 periculo
664 608 710 661 regi
720 607 754 649 vel
763 608 881 662 gubernari
893 622 936 650 non
948 621 997 662 pos-

142 683 198 720 sunt.
229 678 299 733 Igitur
316 682 337 720 et
350 681 475 721 sanatorum
488 693 594 721 sanonum
607 679 799 722 constitutionibus
813 683 834 721 et
846 679 997 735 praedeeesso—
1024 678 1026 681 ’

142 764 191 791 rum
200 753 323 793 nostrorum
334 753 421 792 sanotae
431 750 548 793 memoriae
554 749 639 792 Urbani
647 754 668 793 et
674 750 779 804 Pasoalis,
786 751 934 794 Romanorum
945 766 998 806 pon-

142 820 232 875 tificum,
249 823 286 876 qui
298 822 339 865 lieo
352 823 423 877 ipsum
436 821 616 876 deliberaverant,
631 821 702 865 studio
713 826 734 864 et
743 823 865 877 provisione
874 823 997 877 incitemur,

143 894 247 936 eeclesiae
263 897 348 936 vestrae
360 898 471 949 pastorem
484 895 596 949 proprium
608 894 728 948 providere.
747 893 851 936 Vestram
863 895 938 948 itaque
951 895 997 936 uni-

142 966 268 1008 versitatem
283 966 363 1008 litteris
382 966 533 1020 praesentibus
553 979 712 1008 oommonemus
729 969 751 1007 et
766 967 886 1021 apostoliea
905 966 997 1009 auetori-

142 1041 188 1080 tate
201 1038 353 1093 praecipimus,
370 1042 401 1092 ut,
420 1038 577 1080 communicato
590 1038 740 1092 religiosorum
754 1042 775 1080 et
788 1038 930 1082 discretorum
942 1038 998 1081 viro-

142 1125 191 1152 rum
206 1110 303 1164 oonsilio,
322 1110 424 1153 idoneam
440 1114 462 1151 et
477 1110 593 1151 discretam
608 1124 729 1164 personam,
746 1111 834 1153 remotis
851 1110 997 1164 dilationibus,

142 1182 203 1224 vobis
219 1182 242 1223 in
258 1182 383 1236 episeopiun
399 1181 491 1236 eligatis,
508 1195 547 1236 per
563 1182 623 1223 euius
639 1182 777 1237 prudentiam
793 1184 815 1224 et
831 1182 999 1225 sollieitudinem

142 1254 210 1309 ipsius
227 1253 331 1295 ecelesiae
346 1253 415 1295 honor
431 1256 453 1295 et
468 1252 562 1307 dignitas
577 1256 719 1307 restauretur,
737 1257 758 1295 et
770 1257 842 1296 vestra
856 1254 940 1296 devotio
957 1253 997 1295 sub

142 1326 211 1380 ipsius
232 1325 337 1379 regimine
359 1328 445 1379 gratmn
466 1324 559 1367 Domino
584 1322 713 1367 famulatum
735 1325 859 1380 impendere
881 1329 997 1367 mereatur.

143 1396 243 1438 Electum
254 1399 326 1437 autem
333 1395 436 1438 Remensi
446 1396 608 1450 archiepiscopo
614 1399 621 1424 1
628 1400 741 1450 tamqnam
750 1396 917 1451 metropolitano
926 1400 998 1439 vestro

144 1467 314 1510 conseeramlum
329 1468 479 1522 praesentetis.
512 1465 575 1520 Quod
597 1468 616 1508 si
637 1467 693 1511 forte
710 1469 758 1523 ipse
775 1466 880 1523 perficere
898 1468 998 1521 noluerit,

144 1554 193 1581 ourn
205 1539 281 1581 eodem
294 1539 362 1582 eleeto
373 1539 400 1581 ad
410 1543 506 1582 nostram
519 1540 666 1593 praesentiam
678 1540 779 1592 veniatis;
795 1554 834 1582 nos
847 1543 927 1594 autem,
941 1539 999 1594 quod

143 1610 266 1653 laoiendnm
279 1610 351 1665 fuerit,
365 1614 453 1653 auotore
463 1610 556 1653 Domino
569 1610 680 1652 faeiemus.
700 1610 723 1654 Si
734 1625 785 1654 vero
799 1611 923 1654 obedientes
935 1610 999 1652 nobis

144 1682 229 1725 fueritis
245 1686 267 1724 et
282 1696 400 1736 oongruum
416 1681 476 1724 vobis
494 1685 611 1737 pastorem,
631 1683 687 1724 siout
706 1683 854 1737 supradiotum
874 1686 913 1736 est,
931 1683 999 1736 elege-

144 1755 202 1809 ritis,
225 1768 238 1796 a
256 1753 362 1796 fidelitate
384 1757 406 1795 et
427 1754 551 1797 obedientia
566 1752 715 1796 Noviomensis
737 1754 833 1808 episoopi
853 1768 891 1797 ros
913 1753 999 1796 omnino

145 1826 283 1869 absolvimus.
314 1824 396 1867 Datum
412 1825 528 1868 Lateranis
544 1824 579 1867 ΠΙ
594 1825 705 1868 Kalendas
721 1825 825 1868 Ianuarii.

144 2008 198 2051 185.
220 2008 347 2047 [viriacarias
362 2007 386 2046 ll
401 2008 486 2047 miti-100
504 2008 591 2058 episeopo
607 2008 747 2058 Ratispoaeasi
765 2008 855 2056 araundel,
874 2011 897 2046 11
915 2007 1000 2046 electurus·

219 2092 232 2117 a
248 2080 303 2118 111613
319 2080 403 2118 dotentas
419 2079 506 2118 eeclesiae
521 2092 568 2118 sarde
583 2084 683 2130 reciperet.

279 2159 327 2195 Bibl.
340 2171 376 2206 reg.
390 2160 496 2195 Monacens.
510 2159 550 2194 eod.
562 2160 594 2195 lat.
609 2160 656 2196 7804
668 2171 682 2195 s.
695 2169 728 2195 xri
740 2160 771 2195 fol.
785 2159 862 2195 112101

58 2246 133 2284 1132-
204 2244 343 2287 Innocentius
366 2244 479 2297 episeopus
502 2256 575 2285 servus
597 2257 708 2286 servorum
729 2243 771 2286 Dei
792 2242 912 2285 venerabili
937 2242 1000 2284 tratri

62 2305 126 2344 1143·
145 2315 254 2371 H(enrioo)
270 2315 425 2370 Ratisponensi
441 2315 542 2369 episeopo
558 2314 651 2357 salutem
670 2318 692 2356 et
710 2308 852 2370 apostolicam
867 2314 999 2367 benedictio-

145 2401 201 2429 nem.
228 2385 362 2440 Sacrilegum
375 2400 422 2428 esse
436 2390 458 2428 et
468 2389 543 2429 eontra
554 2400 646 2429 oanones
659 2401 703 2429 non
715 2386 839 2441 ambigitur,
854 2386 872 2428 si
885 2386 1000 2440 quisquam

145 2459 251 2501 laieorum
267 2458 362 2514 decimas
378 2462 400 2500 et
416 2458 459 2500 alia
475 2458 552 2499 divinis
568 2458 644 2500 usibus
659 2459 784 2513 mancipata
799 2457 910 2513 possidere
926 2471 1000 2513 presu-

146 2534 198 2572 mat.
229 2529 325 2584 Ideoque
341 2530 474 2573 fraternitati
489 2533 541 2571 tuae
556 2530 695 2584 mandamus,
714 2533 739 2571 ut
761 2530 817 2571 siout
835 2529 905 2572 bonus
925 2532 1001 2584 pastor

146 2616 211 2657 super
227 2602 365 2644 commissum
387 2601 428 2644 tibi
444 2615 530 2656 gregem
553 2601 667 2655 diligenter
682 2601 781 2655 invigiles
801 2604 822 2642 et
838 2600 942 2655 deeimas,
959 2614 1001 2655 que

146 2674 169 2715 in
184 2677 223 2716 tua
238 2673 354 2728 parroohia
372 2687 386 2715 a
400 2673 463 2715 laiois
482 2669 613 2726 detinentur,
633 2672 710 2715 adius
727 2675 749 2714 et
765 2672 884 2715 dominium
899 2672 1001 2727 11111111-

146 2747 219 2788 nensis
229 2745 318 2791 eoelesie
329 2744 416 2787 studeas
428 2758 530 2787 revooare
540 2748 562 2786 et
572 2744 598 2786 de
608 2758 683 2787 eorum
695 2743 796 2786 manibus
808 2758 897 2798 prorsus
910 2745 1000 2800 eripere.

206 2869 296 2900 estosed.
344 2866 467 2907 bsvuiplaidaa
478 2869 539 2899 videtin*
551 2873 578 2898 aaut
589 2865 679 2899 intervallo
692 2873 719 2898 1111
730 2866 852 2898 intereessione.
898 2868 1002 2907 “Desm’ipsit

148 2930 174 2961 Pu.
188 2929 235 2969 Jajl'e',
248 2930 265 2959 111
277 2930 320 2959 ezidus
332 2928 392 2959 senuas
403 2932 478 2959 suanae.

208 2997 312 3033 ι8111110111
326 3007 375 3032 aurio
389 2997 435 3032 1140
448 2996 514 3040 eleeto,
532 2999 631 3042 postquam
647 2995 699 3031 sedes
715 2996 812 3031 Remensis
828 3007 860 3041 per
879 2994 926 3031 dnos
943 3006 1002 3031 annos

146 3058 223 3094 vaeavit.
