2197 3394
332 188 424 224 Euenum
434 197 460 224 111
472 196 584 224 mrsromn
597 187 632 224 199
868 178 910 220 103

54 299 112 356 quod
126 298 150 339 in
166 295 261 351 quadam
276 296 412 351 possessione
428 296 461 340 sui
477 295 612 349 monasterii,
628 309 684 349 quae
700 295 758 350 apud
774 295 795 339 S.
811 282 910 339 Ariciam
939 295 996 334 1146

54 373 97 415 sita
113 371 152 422 est,
169 365 274 410 coelificia
289 367 361 410 facere
377 372 399 411 et
414 382 440 411 ea
456 367 485 410 ad
499 366 618 409 utilitatem
635 367 703 422 ipsius
723 367 851 410 monasterii
866 382 910 410 me·
922 355 972 396 N0V·
982 355 1016 414 Π·

53 444 132 486 liorare
147 439 249 493 intendit,
270 439 308 482 sed
328 454 342 482 a
357 439 489 494 quibusdam
508 438 567 481 illius
583 441 655 481 terrae
670 438 794 482 hominibus
809 439 910 495 prohibe·
933 469 935 471 -

53 519 95 557 tur¹
125 510 221 565 Ideoque
236 525 276 566 per
291 511 412 567 apostolica
429 510 491 553 vobis
508 510 590 564 scripta
605 510 757 565 praecipiendo
773 511 909 567 mandamus,

54 587 161 640 quatenus
176 583 336 637 possessionem
351 583 422 637 ipsam
438 582 467 625 ad
482 580 619 625 commodum
634 581 703 636 ipsius
714 584 843 625 monasterii
857 583 910 637 legi-

54 657 105 699 time
120 654 235 698 meliorare
251 668 291 696 nec
302 655 345 709 ipsi
357 653 492 708 prohibeatis
508 666 549 695 nec
561 652 589 695 ab
606 652 655 695 aliis
667 652 779 707 prohiberi
794 654 829 696 vel
843 654 910 710 impe·

55 728 97 770 diri
111 725 250 781 permittatis.
277 724 301 768 Si
317 727 365 780 qrris
382 728 455 768 autem
467 725 508 767 hoo
520 729 602 767 temere
614 724 719 779 impedire
731 727 910 781 praesumpserit,

55 798 151 841 debitam
161 797 188 839 de
197 797 245 852 ipso
254 797 361 839 iustitiam
374 796 466 839 faciatis.
486 795 568 838 Datum
575 795 669 838 Viterbii
681 795 717 838 [H
729 796 761 839 ld.
775 796 910 841 Novembris.

55 966 110 1009 199.
131 967 234 1017 [1119111111
248 967 284 1006 ΙΠ
295 967 378 1006 Iocclioo
394 967 481 1016 cpascopc
498 966 640 1005 Sorirbcriccsi
657 967 806 1017 acolafuctorum
825 968 913 1007 calamae

126 1039 276 1088 paraliticorum
291 1038 404 1089 facilitatem
419 1038 456 1077 dat.
489 1038 561 1077 Scriba
573 1038 604 1076 ,111
621 1037 742 1088 presbytero,
762 1039 820 1078 meires
837 1052 912 1079 maures

130 1122 142 1148 u
153 1110 252 1159 praedone
267 1110 360 1149 recordata
378 1110 409 1148 sit.
443 1109 528 1148 Clericus
550 1109 646 1148 laicorum
667 1109 771 1148 calcasti-or
791 1111 837 1160 aava
857 1115 911 1151 octat.

129 1181 190 1220 Addat
204 1182 227 1220 de
245 1182 282 1230 cis,
305 1194 354 1232 quos
371 1181 482 1230 Stephanus
500 1180 611 1230 Aorsorum
631 1193 666 1219 raa
686 1193 721 1220 sao
736 1181 844 1221 adversare·
861 1182 911 1232 ciris,

130 1253 229 1291 occasione
244 1252 288 1292 balli
298 1265 337 1303 pro
352 1265 410 1303 rcpao
423 1253 479 1303 posti,
496 1252 661 1291 caari-euroeam

165 1332 213 1368 Bibl.
226 1336 264 1368 nat.
277 1332 335 1369 Paris.
348 1344 382 1368 ms.
395 1331 428 1368 lat.
442 1332 500 1368 16992
512 1331 544 1389 fol.
558 1333 597 1367 115.
618 1331 696 1378 Scripsit
708 1331 798 1368 Martene.

114 1427 225 1482 Eugenius
233 1429 346 1483 episcopus
357 1442 431 1471 servus
441 1441 552 1470 serrorum
558 1427 601 1469 Dei
607 1427 726 1469 venerabili
732 1427 913 1486 iratrijloc(elino]
942 1435 999 1474 1146

56 1498 212 1542 Sarisberiensi
233 1502 334 1554 episcopo
357 1499 450 1542 salutem
466 1503 488 1541 et
503 1498 646 1554 apostolicam
661 1497 841 1542 benedictionem.
866 1494 1019 1542 1111110126·

55 1574 114 1613 teras
130 1570 275 1613 fraternitatis
293 1574 345 1612 tuae
364 1573 386 1611 et
400 1571 504 1612 nuncium
523 1583 659 1612 communem
673 1569 775 1612 videlicet
789 1569 859 1613 filium
873 1586 911 1615 no·

56 1646 125 1684 strum
140 1641 261 1684 Robertum
276 1641 428 1697 presbyterum
444 1641 518 1684 debita
532 1641 668 1695 benignitate
687 1643 820 1696 suscepimus
837 1646 859 1685 et
875 1657 911 1698 op-

56 1713 166 1766 pressione
183 1714 287 1756 ecclesiae
302 1713 344 1755 tibi
360 1713 428 1756 aDeo
445 1714 580 1766 commissae,
596 1727 663 1768 quam
675 1727 702 1755 ex
715 1714 745 1756 eis
758 1714 911 1769 intelleximus,

56 1783 170 1828 affectione
185 1789 277 1839 paterna
293 1786 401 1839 compassi
416 1799 496 1826 sumus.
527 1783 624 1838 ideoque
645 1785 695 1839 paci
712 1788 737 1826 ut
756 1785 914 1840 tranquillitati

56 1856 102 1897 eius
118 1856 231 1898 intendere
248 1856 368 1910 cupientes,
390 1854 541 1898 malefactores
563 1859 612 1898 tuos
631 1855 817 1899 animadversione
839 1856 913 1900 debita

57 1928 151 1970 coerceri
166 1927 312 1983 praecipimus
331 1941 411 1981 eosque
431 1926 533 1969 severiori
548 1925 666 1979 vindictae,
685 1926 727 1969 nisi
745 1929 876 1983 resipiscant
892 1933 914 1972 et

57 2012 70 2039 a
86 2013 126 2041 sua
140 1999 249 2053 pravitate
266 1998 380 2051 desistant,
403 2012 442 2052 pro
459 1997 532 2040 debito
549 1996 615 2040 officii
633 1999 703 2041 nostri
719 1998 826 2042 subiicere
841 2001 914 2055 parati

57 2070 143 2113 erimus.
170 2070 261 2113 Adhuc
277 2071 377 2123 scientes,
394 2068 452 2123 quod
467 2083 507 2123 per
523 2082 596 2112 omnes
612 2069 735 2123 provincias
751 2070 778 2112 de
794 2072 913 2126 apostolico

56 2139 116 2183 fonte
131 2141 256 2197 petentibus
272 2155 376 2196 responsa
392 2154 478 2196 semper
493 2143 605 2194 emanant,
626 2143 678 2183 tuae
694 2141 846 2185 sollicitudinis
861 2143 913 2197 rigi-

56 2211 138 2255 lantiae
154 2217 176 2255 et
192 2212 295 2255 consultis
311 2212 443 2267 respondere
460 2212 567 2266 duximus,
583 2215 609 2253 ut
620 2212 670 2254 inde
686 2213 784 2267 regulam
803 2228 876 2257 sumas
893 2218 915 2257 et

56 2284 208 2327 certitudinem
223 2284 247 2326 in
261 2284 327 2326 rebus
344 2284 422 2338 dubiis,
440 2284 479 2326 ubi
495 2287 561 2338 caput
573 2287 607 2325 est
619 2286 641 2325 et
652 2284 739 2327 initium
753 2285 914 2328 ecclesiasticae

56 2354 206 2399 institutionis.
227 2355 384 2411 Presbyterum
395 2355 477 2410 itaque,
491 2356 552 2397 omns
569 2354 622 2397 duos
640 2354 718 2409 digitos
735 2371 784 2399 oum
796 2356 914 2400 medietate

55 2427 142 2480 palmae
158 2442 171 2470 a
183 2427 293 2482 praedone
307 2427 415 2470 abscissos
429 2441 475 2470 esse
489 2425 622 2481 significasti,
639 2426 729 2470 missam
745 2427 855 2470 celebrare
870 2442 914 2470 non

55 2498 209 2553 permittimus,
225 2500 277 2553 quia
291 2513 332 2541 nec
348 2512 423 2541 secure
438 2501 528 2553 propter
541 2487 677 2540 debilitatem
692 2500 795 2541 nec'sine
811 2498 913 2542 scandalo

56 2573 145 2624 propter
160 2571 252 2613 membri
272 2569 431 2613 deformitatem
450 2568 504 2611 haec
522 2567 571 2610 fieri
588 2583 653 2623 posse
672 2570 807 2613 confidimus.
837 2569 913 2624 Ipsum

56 2644 129 2683 autem
141 2642 164 2683 in
177 2644 255 2685 ceteris
268 2642 339 2685 officio
352 2641 483 2684 sacerdotali
498 2639 565 2694 fungi,
581 2640 670 2683 minime
682 2642 837 2697 prohibemus1
851 2642 913 2683 iuxta

56 2710 111 2754 illud
126 2712 234 2756 Gelasiiz2
250 2714 373 2768 Praecepta
391 2725 507 2765 canonum,
524 2711 603 2765 quibus
620 2712 767 2756 ecclesiastica
782 2713 865 2767 regitur
881 2712 912 2754 di-

57 2783 155 2839 sciplina,
172 2785 228 2827 sicut
244 2786 272 2827 ad
285 2784 432 2827 sacerdotium
446 2783 520 2825 venire
532 2797 576 2825 non
588 2784 704 2836 patiuntur
717 2784 799 2826 debiles
815 2797 912 2838 corpore,

56 2853 88 2896 ita
104 2860 132 2911 et,
148 2856 168 2899 si
180 2857 229 2911 quis
242 2855 343 2898 fueritin
356 2869 381 2898 eo
395 2855 525 2898 constitutus
538 2868 563 2895 ac
576 2857 623 2896 tum
636 2854 703 2896 inerit
715 2855 832 2909 sauciatus,
850 2854 913 2896 amit-

56 2928 103 2967 tere
118 2942 162 2970 non
177 2931 256 2983 potest,
272 2927 331 2982 quod
346 2931 444 2982 tempore
457 2939 509 2968 suae
525 2925 657 2968 sinceritatis
673 2926 763 2980 accepit.
788 2925 819 2968 Et
834 2940 861 2968 ex
876 2925 914 2968 Ni-

117 3034 124 3054 1
136 3034 280 3080 „Presbyterum
288 3056 308 3059 —
315 3034 447 3081 prohibemus“
459 3034 547 3081 leguntur
559 3032 616 3068 etiam
628 3032 648 3068 in
660 3033 715 3069 Deci.
728 3032 783 3080 Greg.
796 3032 818 3070 L·
831 3033 869 3070 ΠΙ.
882 3037 896 3070 t.
904 3035 915 3070 6

57 3101 72 3126 c.
85 3093 101 3128 2.
151 3094 158 3113 ²
170 3094 183 3130 J
184 3094 219 3130 affe
231 3093 259 3129 ed.
272 3105 306 3130 sec.
320 3094 360 3130 706.
