2134 3376
332 170 418 207 Ursam
429 180 446 206 11
458 178 570 206 nrrsronsn
583 169 617 205 135
875 159 903 199 65

49 279 106 337 apud
120 291 160 320 nos
177 277 290 331 conquesti
306 281 363 332 sunt,
380 277 438 333 quod
451 276 532 331 villam,
549 290 591 331 que
603 275 661 318 Crux
677 276 763 330 dicitur,
780 276 814 317 eis
823 275 904 317 violeu-
921 275 987 314 -1094

48 358 81 396 ter
99 348 199 403 abstulit,
222 352 244 391 et
264 362 313 391 curn
328 363 354 392 eo
372 348 522 402 tractavimus,
544 351 569 390 ut
587 347 662 390 uillam
680 347 779 400 eamdem
800 346 904 402 predictis
918 334 1004 375 00ffl3·

49 421 152 467 fratribus
164 421 299 473 restitueret
315 422 404 464 tandem
416 419 459 462 fide
472 423 494 462 et
507 420 630 474 juramento
646 418 741 462 firmauit
754 418 812 474 quod
824 427 905 473 usquea
967 439 970 444 ·
1044 408 1047 412 ¹

49 494 77 538 ad
88 494 228 548 pentecosten
243 493 375 547 proximum1
384 493 408 534 in
421 491 482 534 curia
493 494 532 533 tna
544 494 582 534 tuo
596 505 619 533 se
632 491 757 546 conspectui
769 492 906 546 presentaret

50 570 71 609 et
86 564 145 607 curie
159 566 197 606 tue
210 564 292 619 judicio
309 564 391 607 eisdem
404 562 509 605 iratribus
519 562 632 618 justiciam
645 563 788 605 exhibiturus.
814 561 905 604 Presen-

49 638 103 680 tium
114 635 181 690 igitur
193 635 317 678 litterarum
330 635 461 678 anctoritate
474 634 585 676 dilectioni
600 637 637 676 tue
649 634 788 689 precipimus,
805 637 830 676 ut
845 632 906 675 nulla

49 708 129 763 gratia,
150 706 209 749 nullo
225 706 308 761 farore,
325 701 479 749 nnllo⁹timore
495 705 599 760 dimittas,
617 706 669 760 quin
684 707 798 760 utriusque
817 719 906 747 causam

49 780 111 835 plene
121 778 239 820 discutiens
249 779 362 834 justiciam
371 778 429 820 inter
438 792 475 820 eos
485 777 579 820 Domino
590 777 696 832 largiente
709 776 816 832 perficias.
843 775 907 830 Quod

50 850 105 894 siin
121 849 181 892 ouria
196 853 235 892 tua
251 864 317 892 causa
335 849 375 891 hec
396 848 486 892 diffiniri
503 864 547 892 non
567 850 648 905 poterit
667 853 705 892 aut
721 849 749 891 ad
765 849 848 891 curiam
862 848 909 890 Ro·-

48 922 195 975 thomagensis
207 925 246 964 aut
252 921 384 964 Turonensis
394 921 618 976 archiepiscoporum2
633 920 730 976 prefatus
746 920 808 962 miles
825 920 907 962 eisdem

49 993 160 1036 monachis
174 993 287 1048 justiciam
302 992 400 1035 facturus
415 992 473 1035 infra
489 992 581 1035 eundem
596 993 719 1046 terminum,
737 992 793 1034 sicut
805 991 906 1046 firmarit,

51 1064 146 1108 accedat.
175 1063 226 1106 Dat.
243 1063 301 1106 Pisis
317 1063 353 1106 ss]
367 1063 421 1106 ldus
437 1063 546 1107 Octobris.
610 1066 612 1068 ’

50 1198 103 1240 135.
128 1198 218 1237 &bearis
234 1199 258 1237 Π
276 1199 363 1249 episcopo
381 1199 521 1249 Arpeotineasi
535 1199 625 1247 sarriatur,
647 1184 773 1238 Adelbeiduni
791 1199 815 1238 ia
833 1199 907 1249 synodo

124 1270 217 1309 Roranam
228 1271 302 1309 scidistis
315 1271 420 1321 cca-praa
433 1283 477 1309 esse.
496 1271 615 1310 ereaturam
627 1270 670 1309 eicis
682 1270 758 1309 duobus
770 1270 843 1320 diebus,
855 1271 907 1310 iride-

125 1342 166 1380 lieet
182 1342 309 1393 depmsiticnis
324 1354 347 1381 dc
361 1342 524 1391 marionisotionis,
541 1342 631 1381 celebrari
645 1342 702 1381 iethet.

121 1422 151 1457 Ex
164 1421 203 1458 cod.
210 1422 355 1468 Weissenburg,
367 1422 574 1469 nunoWirzeburgensi
586 1422 619 1457 rh,
627 1421 648 1457 F.
656 1422 679 1457 34
692 1421 724 1457 sol.
731 1422 754 1458 85
767 1434 781 1457 s.
788 1423 835 1457 ma

109 1505 212 1548 Urbanus
232 1506 346 1561 episcopus
366 1519 440 1548 servus
459 1520 570 1549 serrorum
585 1505 628 1547 Dei
644 1504 734 1562 Otttoni)
752 1505 907 1560 Argentinensi
920 1514 996 1554 1089-

52 1577 152 1633 episcopo
169 1580 191 1619 et
207 1578 311 1620 confratri
325 1580 399 1620 nostro
416 1577 510 1619 salutem
529 1580 551 1619 et
566 1577 709 1632 apostolicam
727 1576 905 1620 benedictionem.
926 1575 989 1614 1099-

51 1649 86 1691 Ex
101 1648 274 1692 consideratione
288 1649 405 1704 pastoralis
422 1662 479 1705 cnre,
496 1663 562 1704 quam
575 1662 601 1692 ex
613 1649 773 1692 ministratione
789 1650 907 1704 apostolice

52 1720 109 1763 sedis
125 1720 246 1777 querimus,
266 1721 300 1763 cui
315 1720 363 1775 Deo
379 1724 467 1763 auctore
482 1720 534 1763 licet
548 1720 632 1775 indigni
648 1720 790 1774 deservimus,
807 1721 909 1764 ecclesia-

51 1807 106 1846 rnm,
123 1805 165 1846 que
180 1806 274 1846 usquam
290 1795 346 1847 sunt,
362 1791 470 1847 profectui
484 1792 598 1846 invigilare
611 1806 636 1834 ac
648 1791 746 1834 fidelium
757 1792 909 1846 postulationi-

52 1864 92 1906 bus
109 1863 213 1918 equitatis
230 1877 342 1905 assensum
357 1864 448 1918 prebere
464 1864 587 1906 necessario
603 1863 762 1918 compeliimur,
775 1877 815 1906 nec
831 1865 909 1906 carita-

52 1935 80 1976 tis
89 1935 173 1977 uiscera
187 1934 293 1989 deserere,
305 1949 333 1977 ne
343 1935 450 1977 dominico
460 1935 520 1989 gregi
530 1935 603 1977 debite
616 1935 770 1978 consolationis
783 1934 910 1990 suffragium

52 2005 164 2049 uideamur
188 2005 335 2049 subtrahere*
360 2005 423 2049 Unde
444 2006 497 2049 risis
519 2006 599 2049 litteris
619 2010 670 2049 tuae
691 2006 824 2062 dilectionis,
846 2011 911 2062 prout

52 2078 101 2132 ipsa
121 2092 157 2120 res
178 2078 287 2132 poposcit,
310 2078 364 2120 satis
385 2078 449 2133 digne
464 2081 501 2119 tue
519 2078 621 2133 petitioni
639 2078 845 2133 condescendentes,
868 2093 910 2134 que

53 2148 178 2191 fraternitas
193 2152 233 2191 tua
249 2164 262 2191 a
278 2149 328 2191 sede
344 2148 444 2192 Romana
460 2150 561 2205 quesivit,
582 2150 624 2192 hoc
640 2153 748 2192 annuente
763 2148 810 2192 Deo
827 2165 910 2193 summo

54 2221 125 2264 studio
143 2234 266 2276 magnaque
286 2220 399 2279 deuotione
417 2221 510 2264 eeclesia
524 2221 624 2265 Romana
640 2221 754 2264 concessit.
785 2220 842 2264 Vere
859 2223 911 2277 qnia

54 2291 142 2346 dignum
157 2296 197 2347 est,
213 2295 238 2334 ut
254 2300 319 2347 quos⁰
331 2280 391 2336 Deus
404 2297 519 2336 veneratur
534 2293 629 2348 incelis,
647 2292 733 2335 eosdem
746 2293 831 2335 sincera
846 2293 911 2336 lande

53 2362 151 2406 homines
161 2368 290 2407 venerentur
299 2366 322 2407 in
332 2365 404 2420 terris,
417 2365 578 2419 Adelheidam,3
592 2366 652 2407 emus
662 2365 769 2407 miracula
777 2379 816 2420 per
825 2365 911 2408 litteras

53 2438 91 2477 tue
107 2436 205 2479 caritatis
221 2437 369 2491 cognovimns,
390 2451 475 2481 necnon
490 2437 608 2480 multorum
626 2437 786 2480 autenticorum
800 2437 911 2480 hominum

54 2508 184 2551 testimoniis
203 2507 313 2551 affirmata
333 2523 385 2551 vera
401 2523 447 2552 esse
464 2508 588 2563 didicimus,
608 2508 679 2564 dignis
697 2508 799 2552 laudibus
820 2507 911 2551 nanum

54 2582 178 2622 nostrorum
187 2580 338 2636 episcoporum
348 2584 512 2636 ceterorumque
524 2579 575 2622 freti
588 2580 669 2623 auxilio
684 2581 707 2623 in
723 2580 804 2635 synodo
812 2579 912 2623 Romana

55 2650 239 2707 intronizavimus,
256 2655 322 2707 atque
338 2651 391 2695 dnos
408 2652 454 2695 dies
469 2653 492 2695 in
507 2652 612 2695 honorem
624 2652 713 2695 Domini
728 2652 798 2695 nostri
812 2666 851 2706 pro
865 2652 911 2707 ejus

55 2722 178 2766 celebrare‘1
190 2724 296 2768 memoria
307 2723 407 2767 Romana
420 2725 549 2767 anctoritate
562 2724 672 2778 iussimus,
687 2724 744 2766 diem
752 2723 912 2779 videlicetjejus
938 2750 940 2752 >

56 2793 196 2849 depositionis
210 2800 232 2838 et
244 2797 308 2851 diem,
321 2796 344 2838 in
354 2810 397 2851 quo
403 2795 502 2839 Romano
516 2795 606 2839 concilio
620 2810 669 2838 eam
678 2795 809 2838 intronizare
822 2794 912 2850 placuit.

115 2897 241 2934 “quousqueu
278 2893 475 2936 hDesem'psithduffd,
483 2896 550 2926 disertius
559 2895 619 2926 schedis
627 2896 683 2935 reperi.
720 2898 790 2934 ⁰quec.
828 2892 912 2926 dsiceod.

116 2962 179 2998 1lllai.
194 2963 222 2998 13.
277 2963 392 3000 2Wilhelml
405 2967 424 3000 et
436 2963 517 3000 Radulfi.
573 2963 580 2983 ³
591 2963 714 3010 imperatricis
730 2974 745 2998 a.
758 2962 793 2998 999
809 2962 914 3009 defunctae,

56 3021 109 3058 cuius
121 3022 238 3069 epitaphium
253 3022 277 3058 ab
290 3022 371 3060 Odilcne
387 3024 512 3071 compositum
529 3023 549 3058 in
565 3023 631 3059 eodem
647 3023 709 3060 codice
725 3022 870 3069 supralaudato
883 3035 914 3059 ex·

57 3083 103 3126 statg
115 3082 157 3118 vide
169 3081 214 3128 MG.
228 3081 262 3119 SS.
275 3082 310 3118 IV,
324 3085 364 3119 635.

94 3154 216 3188 massmanni),
230 3154 278 3188 Epist.
288 3155 332 3182 Pout.
343 3155 386 3182 Rom.
760 3143 771 3178 5
