2154 3394
275 179 402 212 Annxnunnr
415 174 564 212 nr'nrrsrcnnn
576 176 617 211 257.
630 175 665 212 258
855 166 896 206 145

43 286 97 331 257.
112 287 222 326 Alcmona
236 287 271 326 ΙΠ
287 288 453 338 archiepiscopum
471 286 645 335 Barlaamupeuscm
665 287 745 338 circaque
764 287 898 337 sript‘upcaeos

116 358 211 407 lauriolum
233 363 326 398 circueunt
342 359 475 409 parochianos
497 351 601 408 quosdam,
623 361 646 396 ur
665 358 760 408 srcdrihas
783 357 803 397 S.
822 357 899 396 Morino

117 429 245 469 Proteosibus
260 430 324 469 oblatu
338 430 424 470 reddant.
799 433 801 435 ’

216 509 264 545 Bibl.
277 514 316 546 nat.
326 510 383 546 Paris.
396 522 431 545 ms.
444 509 476 545 lat.
487 508 533 545 9973
546 519 560 543 s.
573 518 614 544 xm
625 508 657 544 fol.
671 509 718 545 roob.

102 616 227 659 Alexander
243 617 356 671 episcopus
373 631 447 659 servus
463 630 575 658 servorum
590 615 632 657 Dei
649 616 810 659 venerabilibus
826 615 898 658 fratri-
924 615 980 654 1175

44 689 84 731 bus
99 687 270 742 Rcthomagensi
291 688 467 743 archiepiscopol
489 691 511 731 et
533 686 674 741 suffraganeis
696 689 741 730 eius
764 687 857 729 salutem
878 690 900 729 et
910 676 992 715 Mdllf

45 759 186 814 apostolicam
200 759 379 802 benedictionem.
410 759 480 802 Decet
494 774 534 801 nos
550 759 607 801 riros
623 759 781 802 ecclesiasticos
799 759 823 801 in
837 758 899 800 iusti-

44 831 80 873 tiis
97 831 141 872 suis
156 834 296 873 manutenere
317 832 446 885 propensius
468 834 490 873 et
511 830 583 873 fouere
606 844 631 872 ac
652 830 803 874 malefactores
825 844 900 873 eorum

46 902 111 956 digna
126 902 312 945 animadversione
327 902 411 956 punire.
443 901 497 944 Inde
513 906 546 944 est
562 901 620 955 quod
637 901 727 943 dilectos
742 900 798 945 filios
814 904 900 944 nostros

46 972 148 1015 abbatem
165 975 188 1015 et
207 972 286 1015 fratres
303 972 323 1015 S.
340 973 424 1015 Mariae
441 973 467 1016 de
482 973 550 1015 Prato
572 971 682 1014 affectioni
702 976 788 1015 uestrae
807 986 900 1028 propen-

46 1044 90 1086 sius
111 1044 295 1098 commendamus,
317 1043 478 1086 fraternitatem
499 1047 595 1087 vestram
615 1058 655 1098 per
677 1044 796 1098 apostolica
819 1044 901 1099 scripta
951 1069 952 1073 =

45 1118 146 1170 rogantes
163 1116 267 1157 attentius
290 1119 311 1157 et
332 1116 473 1170 mandantes,
495 1116 598 1170 quatinus
618 1115 741 1170 praedictos
761 1115 901 1157 abbatemet

22 1212 23 1215 =
46 1186 124 1228 fratres
140 1190 162 1227 et
170 1186 326 1229 monasterium
336 1200 410 1229 eorum
426 1186 492 1229 [livini
505 1187 584 1229 amoris
597 1186 678 1228 intuitu
694 1189 716 1229 et
728 1201 767 1241 pro
779 1186 901 1228 reverentia

46 1258 105 1300 beati
120 1257 181 1299 Petri
197 1260 219 1298 et
233 1261 319 1310 nostra,
341 1258 514 1301 consideratione
531 1272 617 1312 qnoque
633 1272 684 1300 suae
694 1250 810 1312 religionis
827 1260 848 1299 et
862 1257 900 1300 lio-

46 1329 138 1371 nestatis
159 1327 255 1382 diligatis
274 1332 296 1370 ct
311 1328 421 1371 honoretis
442 1333 463 1371 et
480 1330 504 1371 ln
522 1330 567 1371 suis
585 1330 675 1372 iustitiis
694 1328 766 1371 fouere
785 1342 811 1370 ac
826 1342 901 1370 manu-

47 1405 120 1442 tenere
136 1399 216 1442 curetis
233 1402 260 1453 et,
277 1400 398 1454 siquando
415 1400 441 1442 de
456 1400 594 1455 parochianis
610 1401 687 1442 vestris
699 1399 758 1455 apud
772 1414 810 1442 vos
826 1413 902 1458 querej

46 1472 91 1514 lam
104 1470 249 1525 deposuerint
266 1484 302 1513 eos
317 1472 424 1513 moneatis
441 1475 469 1526 et7
486 1472 504 1514 si
520 1485 607 1514 necesse
620 1471 692 1525 fuerit,
709 1471 854 1527 appellatione
869 1484 902 1512 re-

47 1546 106 1586 mota
122 1542 256 1585 districtione
272 1542 420 1584 ecclesiastica
436 1543 578 1598 compellatis,
596 1547 620 1584 ut
636 1532 720 1585 eisdem
731 1543 807 1585 abbati
823 1545 845 1584 et
859 1542 902 1584 fra-

47 1613 117 1656 tribus
134 1613 209 1655 ablata
223 1614 326 1655 uniuersa
344 1608 470 1667 restituant,
493 1614 588 1669 dampna
606 1613 669 1656 data⁵
689 1614 810 1656 resarciant
828 1617 866 1656 aut
880 1614 903 1655 in

47 1686 171 1740 praesentia
186 1688 260 1726 restra
275 1684 357 1726 faciant
372 1686 469 1729 iustitiae
485 1685 673 1740 complementum.
705 1685 773 1728 Porro
790 1685 807 1727 si
823 1699 903 1727 memo-

48 1758 91 1799 rati
105 1755 243 1811 parrochiani
261 1755 284 1797 in
300 1755 395 1809 aliquem
415 1757 576 1811 praedictorum
594 1746 686 1799 fratrum
704 1756 810 1799 uiolentas
826 1770 903 1798 manus

48 1828 161 1870 iniecerint
176 1831 199 1869 et
214 1826 242 1869 ad
257 1841 295 1869 vos
312 1827 389 1880 exinde
409 1829 498 1882 querela
518 1829 649 1883 pervenerit⁷
672 1827 822 1870 malefactores
843 1828 903 1881 ipsos

49 1899 144 1941 accensis
161 1897 256 1940 candelis
272 1897 359 1953 publice
375 1899 520 1954 appellatione
537 1902 635 1942 cessante
655 1896 851 1941 excommunicatos
868 1897 903 1939 de-

49 1970 152 2012 nuntietis
169 1973 190 2011 et
206 1970 262 2011 sicut
277 1972 473 2014 excommunicatos
489 1971 575 2013 faciatis
595 1971 622 2013 ab
642 1970 741 2014 omnibus
760 1970 845 2012 cantius
861 1969 904 2012 eri-

49 2042 101 2095 tari,
121 2040 188 2083 donec
204 2054 268 2095 passo
287 2041 390 2083 iniuriam
409 2055 503 2096 congrue
522 2041 658 2084 satisfaciant
674 2045 696 2084 ot
711 2055 760 2083 cum
775 2041 854 2083 litteris
869 2054 904 2082 ue-

50 2113 100 2154 stris
114 2112 232 2167 apostclico
246 2125 269 2153 se
282 2113 407 2167 conspectui
420 2117 590 2168 repraesentent.
619 2112 702 2155 Datum
711 2112 823 2155 Ferentini
835 2112 905 2167 pridie

50 2183 102 2226 Idus
117 2183 177 2226 Maii.

51 2340 107 2383 258.
124 2341 233 2380 Alexander
248 2341 282 2380 HI
297 2342 385 2391 episcopo
401 2341 554 2392 Petruporiccusi
574 2347 591 2393 et
609 2343 673 2381 abbati
691 2342 798 2382 aaronica·
816 2342 904 2390 irrccladot,
952 2326 953 2329 Ἴ

124 2416 147 2451 at
164 2425 177 2451 0
194 2412 305 2451 aeizaouao
324 2412 346 2451 dc
363 2412 438 2462 &aaran
455 2414 575 2452 uzercastcrio
596 2414 616 2453 S.
636 2414 704 2453 (laricis
719 2413 857 2464 Rau-capulari
874 2413 905 2451 ub

125 2484 258 2523 inauratura·
273 2484 353 2535 sociauit.

220 2563 268 2599 Bibl.
281 2568 319 2599 nat.
332 2563 389 2599 Paris.
403 2573 436 2599 nis.
449 2563 481 2599 lat.
496 2565 552 2600 12751
566 2577 580 2600 s.
593 2575 640 2601 nvn
652 2565 683 2601 fol.
697 2565 737 2601 226.

46 2700 49 2706 -
110 2671 235 2713 Alexander
250 2671 364 2726 episcopus
381 2684 455 2713 seruus
473 2685 584 2714 seruorum
596 2672 639 2714 Dei
654 2671 772 2714 venerabili
787 2670 850 2713 fratri
864 2670 905 2712 Pe·
932 2677 988 2715 1175

52 2743 194 2798 tragoricensi
215 2742 330 2798 episcopo2
352 2745 374 2785 et
396 2741 474 2784 dilecto
494 2740 539 2784 filio
558 2742 634 2785 abbati
653 2743 679 2786 de
695 2742 792 2785 Corona3
813 2729 1005 2786 salutemlffl't

53 2817 74 2856 et
89 2813 231 2871 apostolicam
246 2813 424 2857 benedictionem.
455 2812 535 2856 Dilecti
550 2812 590 2856 filii
605 2815 675 2858 nostri
691 2814 774 2857 abbas4
790 2817 812 2856 et
826 2813 906 2855 fratres

53 2890 140 2928 sanctae
156 2884 230 2927 Crucis
246 2885 415 2940 Burdegalensis
436 2885 565 2928 transmissa
586 2885 649 2929 nobis
672 2886 825 2940 conquestione
846 2898 906 2927 mon-

111 3009 119 3025 a
126 3009 198 3047 fortasse
210 3013 298 3048 corruptum
310 3018 328 3038 au
339 3007 393 3039 illata.

113 3076 217 3112 1Rotrooo.
268 3069 365 3113 erectos
397 3075 502 3112 ³Geraldo.
550 3075 668 3112 4(teraldus.

88 3148 210 3182 Lcnwrnsnru,
224 3149 272 3183 Epist.
282 3149 326 3176 Pout.
337 3150 380 3176 Rom.
629 3164 633 3170 .
741 3136 764 3171 10
