2178 3376
176 113 217 153 144
417 122 543 157 minumum
554 130 580 157 m
592 130 704 157 EPISTOLAE
716 122 751 158 256

94 229 150 268 1174
176 233 209 272 est
224 233 246 271 et
261 231 373 284 acceptum
389 234 411 272 et
423 229 582 284 providentiam
597 233 692 271 nestram
705 228 768 283 digne
780 229 803 271 in
813 229 906 274 Domino
923 244 1032 273 commen-

78 291 120 329 1³³1·
128 290 162 327 24·
176 301 258 355 (lamus,
275 300 333 355 quod
348 314 385 342 uos
401 299 480 342 iratres
497 300 607 355 decapite
621 299 769 343 Cluniaeeusis
784 302 911 344 monasterii
926 302 949 344 in
966 300 1032 344 dilec-

174 377 221 414 tum
236 371 306 414 filiurn
320 374 425 425 nostrum,
446 370 537 414 fratrem
556 375 662 426 vestrum,
678 372 787 426 priorem1
803 372 912 427 quomlam
928 373 954 415 de
971 371 1031 415 Oari-

174 447 227 498 tate,
243 443 314 485 virum
329 444 404 497 utique
419 443 523 497 nobilem,
540 442 680 502 religiosum,
703 443 817 498 providum
835 447 857 486 et
874 444 990 488 honestum
1011 447 1032 486 et
1080 443 1084 496 ’μ

175 515 238 558 nobis
254 529 328 557 carum
347 514 375 556 ad
393 514 481 558 modum
497 517 519 556 et
540 518 654 569 acceptum
674 514 805 557 unanimiter
824 515 953 558 cbrrneuistis
973 529 1032 557 eum·
1082 571 1084 573 ‚

116 576 118 579 ¹
177 601 218 642 que
233 587 294 630 uobis
308 586 402 641 elegistis
418 586 441 627 in
456 586 584 640 magistrum
599 587 682 641 pariter
698 589 720 628 et
735 585 843 628 abbatem.
871 586 926 629 Inde
942 591 975 629 est
990 586 1033 628 uti·
1084 628 1086 630 ,

177 672 225 713 que,
242 657 300 712 quod
308 671 348 700 nos
361 657 488 700 electionem
500 660 595 699 vestram
607 660 678 699 ratam
690 656 796 699 habentes
809 660 831 699 et
843 657 928 700 firmam
941 671 1033 712 eamque
1084 662 1086 666 ’

178 730 306 772 auctoritate
328 727 448 783 apostolica
470 727 621 770 confirmantes
642 727 768 771 discretioni
792 732 863 771 vestre
884 743 923 784 per
947 732 1033 784 aposto·

178 801 220 843 lica
236 800 317 855 scripta
332 799 461 842 mandamus
480 802 545 853 atque
562 799 702 854 precipimus,
723 800 825 854 quatinus
841 800 861 842 ei
877 801 942 842 sicuti
957 791 1046 843 abbati
1084 809 1089 859 ³:

178 875 248 914 uestro
266 871 362 913 debitam
377 871 400 912 iu
421 869 520 913 omuibus
542 870 688 913 obedientiam
707 874 729 912 et
743 871 887 913 reuerentiam
902 871 1033 926 impendatis

179 944 267 997 eiusque
283 943 371 985 monitis
382 945 404 984 et
415 942 524 984 mandatis
535 942 645 984 humiliter
662 946 683 984 et
699 941 774 985 devote
789 946 891 997 parentes
908 943 936 985 ad
952 943 1033 985 cultum

178 1014 287 1068 religionis
304 1017 325 1055 et
340 1013 501 1057 observantiam
517 1013 598 1056 ordinis
617 1013 724 1056 ferventer
737 1016 759 1055 et
770 1014 902 1056 unanimiter
914 1013 1033 1056 intendatis
1085 1008 1089 1061 ᾖ

180 1086 255 1128 scitum
275 1100 315 1140 pro
332 1088 396 1138 certo,
419 1083 483 1138 quod,
506 1085 525 1127 si
540 1085 578 1139 qui
593 1089 689 1127 uestrum
705 1085 725 1127 ei
741 1088 878 1128 contumaces
899 1085 980 1128 fuerint
999 1084 1035 1126 rel

179 1156 278 1210 rebelles,
296 1156 431 1209 sententiam,
448 1169 513 1209 quam
528 1156 586 1198 idem
602 1156 670 1198 abbas
685 1157 708 1198 in
727 1170 762 1199 eos
775 1160 864 1212 propter
879 1157 920 1199 hoc
933 1155 1036 1198 canonice
1088 1147 1089 1151 ¹

181 1228 274 1282 dederit,
296 1242 336 1270 uos
355 1230 443 1270 auctore
459 1226 552 1270 Domino
570 1232 642 1270 ratam
661 1231 683 1269 et
700 1226 785 1269 firmam
803 1228 930 1270 habebimus
951 1231 972 1270 et
988 1241 1036 1269 eam
1087 1216 1089 1218 ¹

180 1299 284 1342 faciemus
311 1297 465 1341 inviolabiliter
495 1298 611 1341 obseruari.
663 1298 746 1340 Datum
763 1298 877 1354 Anagniae
892 1299 961 1341 VHH
985 1298 1035 1341 Kal.

181 1370 303 1414 Februarii.
737 1378 739 1381 ’

184 1611 240 1653 256.
256 1611 365 1650 Αἰθκιιηᾶθν
380 1610 416 1648 ΠΙ
426 1610 522 1660 potianus
541 1609 693 1662 Vallis-ruopertus
708 1610 802 1661 indulcat,
821 1614 843 1649 ul
858 1610 950 1649 cleriorum
965 1610 1039 1649 seutdo-

257 1694 299 1721 rcua
314 1682 421 1720 irradiarunt
433 1694 566 1729 oeconomum,
583 1681 618 1732 prii
632 1682 656 1719 iu
667 1681 756 1720 ciuilibus
772 1682 838 1720 eiramis
852 1682 988 1720 'icrruracatmu
999 1693 1039 1732 pro

259 1753 287 1792 cis
298 1757 387 1804 praeter.

352 1832 399 1868 Bibl.
412 1835 450 1868 nat.
463 1832 521 1868 Paris.
533 1843 567 1867 ms.
580 1832 613 1868 lat.
627 1832 684 1868 12770
697 1844 711 1868 s.
725 1842 772 1869 xvir
784 1833 815 1868 fol.
829 1834 868 1868 137.

246 1952 370 1994 Alexander
386 1952 500 2006 episeopus
519 1965 594 1993 servus
613 1965 723 1994 servornm
738 1951 780 1994 Dei
799 1952 882 1994 dilectis
898 1951 948 1994 filiis
965 1952 1041 1995 abbati

188 2029 209 2067 et
227 2024 341 2067 couventui
359 2023 449 2078 capituli
464 2022 534 2065 Vallis
552 2037 644 2077 magnae
664 2023 756 2065 salutem
776 2027 798 2065 et
816 2009 1041 2078 apostolican‘bene-

188 2097 310 2138 dictionem.
342 2094 485 2137 Attendentes
502 2109 567 2149 quam
583 2096 611 2136 sit
626 2095 738 2148 iudignum
754 2098 776 2136 et
788 2096 940 2137 inconveniens
956 2094 1042 2149 religio-

189 2169 218 2210 sis
233 2168 284 2209 viris
301 2166 372 2225 etslris
384 2166 488 2219 maxime,
511 2166 549 2220 qui
569 2170 619 2208 sunt
640 2167 737 2209 ordinem
756 2165 921 2208 Cistereiensenr
942 2164 1042 2220 professi,

189 2243 301 2294 praestare
316 2252 355 2293 pro
374 2237 472 2292 qualibet
490 2251 556 2279 causa
572 2241 755 2292 quatumcumque
774 2238 835 2292 graui
853 2237 995 2291 corporaliter
1010 2238 1042 2279 in-

188 2313 320 2363 ramentum,
342 2309 403 2352 robis
424 2309 447 2350 iu
468 2308 509 2351 boc
531 2309 559 2351 ad
581 2308 691 2363 exemplar
708 2308 899 2363 praedecessorum
919 2312 1043 2351 nostrornm

189 2385 289 2437 prompta
304 2380 417 2423 voluntate
433 2379 548 2422 deferimus
565 2383 587 2422 et
602 2380 659 2434 quod
676 2395 724 2422 eum
734 2379 780 2423 Deo
793 2394 908 2435 possumus
924 2379 1043 2422 remedium

190 2452 324 2495 adhibemus.
362 2451 424 2494 Unde
452 2452 503 2506 quia
525 2466 538 2493 a
564 2451 625 2494 robis
641 2452 664 2493 iu
685 2452 756 2494 causis
776 2452 884 2505 ciuilibus,
908 2466 952 2494 non
974 2451 1044 2493 solum

191 2525 218 2567 ab
243 2524 396 2566 ecelesiasticis
422 2523 460 2565 sed
485 2524 551 2565 etiam
575 2537 589 2565 a
613 2522 746 2565 secularibus
770 2523 831 2576 viris,
858 2523 914 2565 siout
939 2523 1043 2576 asseritis,

191 2596 311 2639 calumniae
332 2595 477 2637 iuramentum
496 2595 597 2648 exigitur,
620 2609 659 2637 nos
681 2594 741 2637 uobis
761 2594 788 2637 ob
803 2595 947 2637 reverentiam
963 2594 1044 2637 ordinis

190 2668 263 2720 vestri,
280 2667 336 2709 sicut
355 2681 368 2708 a
382 2666 586 2721 praedecessoribus
604 2666 684 2709 nostris
703 2669 809 2708 statutum
830 2669 871 2720 est,
894 2665 1044 2721 praesentibus

140 2787 141 2790 Ἴ
191 2740 269 2781 litteris
284 2738 427 2792 indulgemus,
443 2741 469 2779 ut
483 2737 549 2779 liceat
563 2737 624 2780 uobis
641 2737 735 2791 aliquem
748 2737 850 2780 clericum
860 2737 980 2780 secularem
995 2752 1044 2792 yco-

191 2824 279 2853 nomum
290 2810 410 2863 instituere,
423 2822 539 2863 perquem
552 2809 574 2849 in
587 2808 686 2850 ciuilibus
699 2809 770 2851 causis
779 2809 895 2864 praestetis
909 2808 1045 2864 calumpniae

191 2883 342 2924 iuramentum.
373 2881 456 2923 Datum
471 2879 584 2922 Ferentini
599 2878 619 2921 V
634 2879 686 2922 ldus
702 2879 824 2923 Februarii.
862 2912 864 2914 -

253 3026 259 3044 ¹
271 3023 379 3060 Rodumm.
