2178 3376
74 241 164 280 118011.

78 2784 167 2824 1180111.

178 126 219 166 188
435 135 562 172 Anarnunar
574 146 599 172 nr
611 145 724 173 urrsronnu
737 137 770 172 321

177 245 248 299 gravis
265 247 292 297 et,
310 244 428 299 apostolico
445 244 547 287 mandato
563 247 696 300 contempto,
718 244 807 287 clericos
822 243 924 287 honestos
938 247 960 286 et
974 243 1032 286 litte·

176 319 236 358 ratos
252 316 343 369 omittis,
364 316 435 358 minus
454 316 518 358 utiles
538 317 568 358 eis
588 319 610 358 et
624 330 703 371 pueros
723 319 863 371 anteponens.
893 316 937 358 Pro
953 314 1032 358 dilecto

177 387 285 442 siquidem
300 387 345 430 filio
360 391 435 430 nostro
448 387 548 443 Her(reo]
564 388 667 430 canonico
682 380 727 441 tuo,
741 401 798 429 nunc
811 387 889 435 clerico
901 386 1045 430 venerabilis.

176 458 251 501 fratris
266 458 400 515 Bterneredi)
415 458 538 501 Prenestini
554 459 650 514 episcopi
668 459 740 514 sepius
753 457 886 501 fraternitati
898 462 935 500 tue
951 459 1033 513 scripta

177 530 303 584 direximus,
326 530 410 572 nullum
425 534 499 573 tamen
513 529 608 572 fructum
629 533 662 572 est
680 529 796 585 hactenus,
818 530 875 573 unde
890 531 996 572 miramur
1011 533 1033 572 et

176 617 288 645 moremur
309 601 435 657 plurimum,
456 605 575 643 assecutus.
606 601 661 643 Post
680 605 806 656 preceptum
822 602 902 644 etenim
914 605 1032 655 nostrum2,

177 675 200 716 in
215 689 258 729 quo
274 673 293 715 si
308 673 363 716 bene
376 674 513 715 meminimus
526 672 665 727 iusseramus,
681 676 706 715 ut
719 673 764 715 eius
777 673 911 728 prebendam
924 673 950 716 de
962 674 1033 728 prima
1059 660 1061 665 ¹

178 745 268 788 dimidia
288 744 323 787 rel
342 738 428 799 integra
448 744 550 798 secunda,
573 758 639 799 quam
653 758 731 786 vacare
748 746 888 799 contingeret,
904 746 1032 799 integrares,

178 817 290 859 dimidiam
305 819 419 858 vacantem
427 815 548 859 Constantii
564 816 696 858 succentoris
713 816 804 859 ecclesie
816 820 854 858 tue
867 816 953 859 cuidam
965 830 1032 872 puero

177 887 221 930 filio
236 888 315 931 nobilis
334 887 376 929 riri
392 886 418 930 G.
435 887 462 929 de
478 886 609 941 Clieureuse,
630 888 667 942 qui
686 887 738 930 alibi
753 887 834 930 habere
849 889 942 930 maiores
961 887 1032 929 reddi-

177 963 212 1001 tus
232 958 365 1014 perhibetur,
388 962 413 1001 ut
435 958 566 1001 commodius
588 959 715 1001 mandatum
731 962 829 1001 nostrum
849 973 924 1014 posses
946 958 1033 1001 eludere
1084 996 1088 1020 ,

178 1033 199 1072 et
214 1029 293 1085 prefati
308 1029 404 1087 Hertrei)
419 1030 533 1073 honestam
548 1031 678 1086 peticionem
693 1030 829 1085 protrahere,
846 1045 884 1085 pro
900 1034 938 1073 tuo
954 1030 1032 1073 diceris

177 1102 268 1144 arbitrio
281 1103 420 1144 concessisse.
446 1100 554 1156 Quoniam
566 1102 632 1155 igitur
644 1102 738 1145 tolerare
750 1102 773 1143 in
788 1102 895 1157 patientia
910 1117 953 1145 non
969 1101 1033 1144 debe-

177 1187 232 1226 mus,
248 1176 273 1215 ut
288 1173 404 1227 integratio
420 1173 529 1228 prebende
544 1173 612 1228 ipsius
628 1173 723 1230 Hordei)
738 1172 830 1215 ulterius
846 1172 964 1228 differatur,
984 1187 1033 1215 cum

178 1243 206 1286 ad
227 1245 296 1286 maius
319 1245 386 1287 etiam
406 1244 535 1287 beneficium
557 1244 698 1299 optinendum
720 1244 811 1286 scientia
832 1258 872 1286 sna
893 1244 1033 1299 moribusque
1088 1273 1089 1300 5

177 1316 262 1358 iuretur
278 1319 300 1358 et
316 1320 399 1359 certum
412 1317 446 1370 sit,
463 1330 512 1358 eum
524 1315 646 1370 predictum
658 1330 750 1371 puerum
762 1316 785 1357 in
798 1316 970 1358 ordinationem2
985 1330 1033 1358 aec-

178 1387 257 1429 clesiae
272 1388 409 1442 precessisse,
425 1401 464 1443 per
479 1387 590 1442 presentia
602 1387 643 1430 tibi
656 1388 738 1442 scripta
753 1387 882 1429 mandamus
898 1390 920 1429 et
935 1387 1033 1429 districte

177 1459 318 1514 precipimus,
341 1460 444 1514 quatinus
459 1458 580 1513 predictam
596 1458 717 1513 dimidiam,
737 1458 840 1501 dilatione
863 1458 1034 1502 contradictione

179 1534 200 1572 et
216 1529 362 1585 appellatione
375 1533 480 1584 cessante,
494 1531 580 1573 nomine
592 1530 661 1585 ipsius
672 1530 768 1586 Her(vei)
784 1529 868 1572 dilectis
881 1528 932 1571 filiis
945 1531 1033 1584 nostris,

177 1601 257 1643 Rorico
273 1600 425 1644 archidiacono
442 1605 464 1644 et
479 1600 590 1657 (drudoni)
604 1602 680 1656 nepoti
696 1601 779 1654 decani,
796 1601 899 1643 canonico
915 1601 1033 1643 aecclesiae

177 1676 235 1727 tuae,
252 1672 286 1715 rel
302 1686 376 1716 eorum
392 1673 456 1715 alteri
472 1672 570 1716 conferas
587 1673 714 1727 quantocius
728 1675 750 1713 et
763 1673 867 1726 assignes,
885 1672 916 1714 ita
932 1672 990 1727 quod
1006 1672 1034 1714 ad

177 1744 305 1786 instantiam
319 1747 417 1786 nostram
433 1758 496 1786 suum
516 1743 611 1798 gaudeat
632 1742 761 1786 beneficium
784 1744 925 1798 integratum,
952 1747 974 1786 et
994 1758 1034 1786 nos

178 1818 314 1869 contemptus
331 1815 449 1870 possimus,
473 1829 537 1870 quem
558 1816 581 1857 in
602 1829 629 1857 ea
649 1815 766 1870 pertulisse
787 1815 906 1868 noscimur,
928 1815 1033 1857 oblivisci.

178 1885 290 1928 Prefatarn
305 1889 379 1928 autem
395 1886 542 1941 donationem,
562 1887 614 1941 quia
633 1890 708 1929 contra
726 1889 853 1941 preceptum
872 1890 971 1929 nostrum
986 1901 1034 1941 pre-

179 1961 266 2013 sumpta
288 1960 330 2011 est,
353 1957 452 2000 duximus
474 1958 609 2000 irritandam.
640 1957 744 2012 iniquum
760 1957 860 2013 equidem
875 1957 994 2012 rideretur,
1010 1962 1035 2000 ut

179 2030 213 2071 inb
225 2029 369 2083 integratione
382 2028 515 2084 precederet,
532 2029 603 2084 quiin
617 2029 753 2072 ordinatione
766 2032 853 2085 secutus
867 2033 906 2083 est,
919 2030 1035 2083 presertim

180 2114 228 2142 oum
243 2100 303 2154 prior
319 2104 341 2142 et
355 2100 452 2155 indigere
471 2100 564 2155 amplius
580 2104 603 2142 et
620 2101 689 2154 magis
707 2100 798 2143 idoneus
815 2100 946 2144 dinoscatur.
978 2100 1034 2144 Sane

179 2171 286 2226 nolumus,
303 2171 361 2227 quod
379 2172 503 2226 aliquarum
520 2171 644 2214 litterarum
664 2171 755 2214 obtentu
771 2175 811 2214 etc.
831 2186 900 2226 usque
918 2173 1035 2228 prescripti

179 2243 278 2285 mandati
294 2244 391 2286 executio
407 2243 535 2286 differatur.e

180 2401 234 2444 321.
255 2400 365 2440 Alerccndcr
379 2400 414 2440 ΠΙ
425 2401 534 2452 capitatam
548 2401 645 2440 Meldonse
660 2401 683 2440 dc
697 2401 832 2451 transitoribus
851 2401 877 2440 od
894 2402 1003 2453 naeinam
1019 2406 1036 2440 ot

254 2472 372 2511 tractatam
390 2472 476 2522 aristoles
497 2472 568 2511 ceratas
585 2472 652 2511 reddit.
683 2472 780 2520 Prohibet,
799 2485 824 2511 aa
842 2484 900 2523 qaam
915 2476 960 2512 diste
977 2485 1035 2524 proe-

255 2543 337 2583 bcadara
352 2543 422 2582 Hercei
436 2544 554 2594 ‘intepretata
569 2545 592 2583 ta
607 2544 694 2595 Jt'atrraa
708 2555 817 2582 carrinarum
831 2544 931 2593 racr'primd.

251 2623 296 2671 Bag.
309 2623 363 2660 Alex.
376 2623 441 2670 fragm.
454 2635 483 2670 ep.
497 2624 525 2668 19,
537 2623 557 2659 in
569 2623 609 2661 cod.
620 2624 667 2661 0011.
674 2624 759 2660 Trinitat
768 2622 874 2670 Cantabrig,
882 2623 904 2659 R,
912 2624 928 2661 9.
936 2625 963 2660 17.
1005 2662 1007 2664 ,

525 2695 539 2719 s.
551 2693 589 2719 ΧΠ,
601 2683 633 2719 fol.
647 2684 686 2718 114,

239 2778 357 2835 Mtichaeli)
373 2778 455 2821 decano
474 2782 495 2821 et
515 2779 609 2834 capitulo
625 2778 738 2821 Meldensi.
770 2777 813 2822 Pro
828 2767 973 2833 integratione
988 2794 1036 2835 pre-

180 2850 249 2893 bende
260 2850 334 2893 dilecti
343 2848 383 2892 filii
389 2851 462 2908 ,nostri
468 2850 563 2907 Her(rei)
579 2850 719 2893 concanonici
731 2850 804 2904 vestri,
817 2864 874 2892 nuno
888 2850 961 2893 clerici
973 2865 1036 2894 rene·

239 2975 247 2990 ²
259 2975 281 3004 sic
293 2974 327 3004 cod.
376 2969 385 2990 l
397 2972 415 3003 in
428 2973 490 3005 addidi.
539 2974 545 2990 ⁰
557 2974 579 3014 of.
592 2974 667 3013 epistolae
675 2973 784 3012 praecatores
791 2974 845 3013 finem.

240 3041 247 3061 1
260 3041 288 3077 Of.
301 3052 357 3089 supra
369 3052 410 3088 epp.
424 3041 457 3076 311
471 3042 543 3079 e1313.
