2178 3376
58 758 170 800 tietmar.

182 100 224 140 192
440 109 567 144 Aunxnmmr
579 117 605 144 ΠΙ
617 116 729 144 aersronnu
742 108 777 143 324
796 96 798 99 ¹

181 219 239 263 324.
255 220 364 259 ariarate·
379 219 413 258 III
431 220 515 270 ruptulo
531 219 626 258 naturast
639 219 745 270 proeor'pit,
764 222 843 258 proruent
861 219 973 269 pitseopuur
988 218 1036 257 me
1074 215 1080 269 J

255 292 343 340 (tererem,
361 295 384 330 ut
398 291 472 331 Hennae
490 291 583 331 errrront'ee
602 286 698 341 intepuere
713 290 804 340 Huponis
824 290 846 328 de
864 290 955 329 Orutorto
973 302 1036 340 reaper

256 363 341 414 [deturpati
358 364 491 413 praebendum
509 363 594 413 caspar
615 362 644 401 aet
662 361 767 401 rttruidiuru
788 362 831 400 etus
853 362 931 401 tetradem
951 362 1036 412 intepet.
1079 395 1081 397 .

255 434 285 473 De
299 435 375 484 neporto
392 435 480 473 Preteusi
495 435 582 485 persaepe
597 434 641 473 <tute
658 433 716 473 stridit.
753 442 755 444 “
1079 421 1080 424 ¹

253 538 299 584 Reg.
311 537 364 573 Alex.
377 537 443 585 fragm.
457 549 485 585 ep.
499 538 527 582 22,
539 537 559 573 in
572 537 612 574 eod.
619 537 666 573 eon.
673 536 758 572 Trinitat.
766 536 873 584 Cantabrig.
882 536 905 572 R,
913 537 929 573 9.
937 538 965 572 17.

524 609 538 632 s.
551 605 589 632 ΧΠ.
602 596 634 633 fol.
648 597 697 632 11512,

242 751 334 793 Diteotis
349 750 400 793 filiis
416 751 511 794 deoano1
530 755 552 794 et
567 737 662 806 capituto
677 751 790 794 Mettensi.
821 751 942 794 Audientes
962 766 975 794 a
990 752 1014 807 pt
1029 778 1037 784 -
1085 755 1087 793 ἶ

183 823 250 876 ribus,
267 822 345 877 quibus
362 824 428 865 etiam
443 823 466 865 in
480 822 599 865 maioribus
615 822 669 865 tides
681 826 754 878 potest
766 823 844 866 merito
857 822 962 877 adhiberi,
980 822 1038 878 quod

184 894 274 936 diteotus
296 893 353 936 fitius
374 897 449 937 noster
464 894 577 950 Hterreus)
599 895 756 937 concanonicus
774 897 852 948 uester,
874 908 931 936 nuno
948 894 1038 937 eierieus

182 965 312 1008 uenerabilis
334 964 409 1008 fratris
429 966 498 1008 nostri
513 965 648 1022 Bterneredi)
663 965 787 1008 Prenestini
802 966 904 1021 episcopi,
921 966 949 1007 ad
968 967 1038 1008 maius

183 1037 249 1078 etiam
264 1035 394 1079 benefieiiun
410 1037 551 1092 optinendum
571 1051 636 1091 quam
653 1038 681 1079 sit
695 1038 780 1091 integra
795 1036 906 1092 prebenda
921 1037 1038 1080 Melitensis
1085 1026 1089 1068 ἶ

183 1108 273 1150 ecclesie
285 1107 375 1150 idoneus
387 1108 501 1163 habeatur,
515 1108 578 1151 fratri
590 1111 665 1152 nostro
684 1109 785 1163 episeopo
800 1111 886 1151 vestroe
898 1109 971 1164 sepius
988 1109 1038 1151 seri-

182 1180 265 1234 psimus
286 1180 433 1234 iniungentes,
455 1183 480 1222 ut
501 1181 569 1235 ipsius
590 1179 685 1236 H(ervei]
707 1179 841 1235 prebendam
856 1179 969 1222 dimidiam
984 1180 1039 1221 inte-

183 1254 265 1304 graret3
282 1250 320 1293 sed
335 1251 391 1306 ipse,
412 1251 470 1305 qrrod
485 1266 529 1294 non
545 1251 591 1293 sine
607 1251 750 1294 admistione
766 1255 788 1293 et
804 1251 947 1294 commotione
964 1251 1038 1293 reteri·
1087 1265 1089 1268 ’

183 1336 241 1376 mus,
263 1322 406 1376 apostolieum
427 1322 554 1364 mandatum
575 1326 707 1377 postponens
726 1321 837 1364 dimidiam
853 1321 975 1365 Constantii
991 1336 1038 1365 suo-

185 1394 277 1436 oentoris
294 1392 381 1435 crudam
396 1396 476 1448 puero3
492 1397 568 1436 eontra
583 1392 751 1448 prohibitionem
766 1397 864 1436 nostram
880 1393 936 1435 sieut
955 1395 1038 1449 aceepi-

134 1496 136 1500 Α
184 1479 232 1507 mus
249 1464 373 1518 assignavit,
389 1469 414 1506 ut
424 1464 450 1507 de
459 1453 546 1518 litteris,
563 1478 617 1518 quas
627 1464 755 1511 dederamus
766 1464 794 1506 ad
805 1464 947 1519 commodum,
960 1479 1039 1520 penam

185 1539 282 1591 portaret
298 1539 319 1578 et
335 1535 447 1578 audientes
463 1538 594 1590 metuerent,
616 1539 691 1578 eontra
707 1550 756 1577 eum
771 1535 794 1576 in
809 1536 853 1578 suis
872 1536 1039 1579 necessitatibus

185 1606 242 1648 sedis
262 1607 379 1661 apostolice
397 1608 543 1662 patrooinium
557 1606 680 1661 implorare,
713 1605 820 1660 Quoniam
837 1607 910 1661 igitur,
927 1621 976 1649 oum
991 1621 1039 1662 pre-

184 1677 255 1719 benda
264 1677 363 1732 Hugonis
377 1678 403 1720 de
413 1677 514 1721 Oratorio
530 1682 598 1731 raeet,
616 1679 672 1720 sieut
687 1677 793 1731 audimus,
810 1679 916 1720 sustinere
932 1678 1039 1732 nolumus,

184 1752 208 1790 ut
224 1749 325 1792 dimidius
341 1752 454 1792 remaneat
471 1749 573 1803 ulterius,
593 1763 657 1803 quem
673 1749 755 1791 toeiens
774 1750 909 1810 precepimus
928 1750 1039 1804 integrari,

184 1821 320 1863 universitati
338 1824 409 1863 vestre
428 1835 467 1876 per
483 1822 603 1877 apostoliea
619 1822 700 1875 scripta
715 1820 844 1863 mandamus
863 1824 929 1875 atque
947 1821 1040 1876 precipi-

185 1907 239 1946 mus,
256 1893 358 1946 quatinus
373 1892 482 1947 pretatum
501 1894 626 1948 episcopum
645 1892 743 1935 sossieitis
761 1893 849 1935 monitis
869 1896 890 1934 et
909 1892 1040 1936 exhortatio-

184 1964 248 2005 nibus
264 1963 372 2006 induentis
377 1997 382 2018 ,
393 1967 426 2005 ut
445 1964 465 2006 ei
483 1965 627 2019 prescriptam
645 1963 778 2019 prebendam
797 1963 894 2006 conterat
911 1965 946 2007 ret
961 1964 987 2006 de
1002 1964 1041 2006 itta

185 2036 231 2077 eius
246 2049 290 2078 non
303 2034 388 2078 differat
401 2034 513 2077 dimidiam
525 2036 641 2090 integrare.
667 2033 768 2077 Ceterum
778 2035 796 2077 si
805 2035 933 2077 mandatum
942 2038 1041 2078 nostrum

186 2107 263 2160 exequi
275 2105 330 2149 torte
345 2107 446 2161 notuerit,
459 2106 578 2162 venerabili
591 2106 654 2148 tratri
666 2110 740 2149 nostro
749 2105 876 2163 Mtatthaeo)
884 2106 987 2150 Treeensi
997 2107 1040 2161 epi-

186 2192 251 2233 seopo
267 2177 364 2220 dedimus
380 2179 403 2220 in
418 2178 547 2231 mandatis4,
563 2182 588 2219 ut
602 2178 674 2232 ipsum
686 2177 766 2219 mittiue
780 2177 925 2232 appellatione
941 2178 1041 2221 obstante

186 2250 316 2291 austeritate
329 2248 396 2291 fretus
410 2250 530 2305 apostoliea
543 2254 670 2303 exequatur.
695 2248 740 2291 Vos
752 2249 833 2303 itaque,
848 2249 906 2303 quod
918 2248 976 2291 idem
989 2248 1041 2291 Tre-

187 2320 256 2362 eeusis
272 2320 348 2362 feeerit
363 2324 385 2363 et
398 2322 528 2365 austeritate
540 2324 616 2364 nostra
631 2320 726 2374 iusserit,
743 2320 901 2363 observandum
918 2321 1041 2375 suscipiatis

185 2392 297 2434 humiliter
313 2396 334 2434 et
348 2392 503 2436 inuiolabiliter
518 2392 644 2436 observetis,
675 2391 711 2433 Ad
725 2391 765 2433 heo
782 2393 837 2434 siout
855 2406 894 2446 per
911 2392 965 2441 alias
983 2391 1041 2447 litte-

186 2467 235 2506 ras5
251 2465 381 2507 auotoritate
391 2466 524 2518 presentium
534 2464 721 2519 probibemusue
731 2467 781 2505 ante
793 2463 961 2517 integrationem
973 2463 1042 2518 ipsius

186 2534 281 2592 H(errei)
300 2549 431 2590 quemquam
449 2536 560 2591 recipiatis
578 2535 602 2577 in
619 2535 710 2577 fratrem
728 2535 763 2577 vel
780 2534 885 2588 integrari
904 2534 1042 2589 aliquatenus

186 2608 324 2662 permittatis.
356 2606 406 2648 Tibi
422 2620 514 2662 quoque,
536 2606 568 2649 fili
584 2607 671 2661 decane,
694 2605 816 2661 speeiatiter
835 2605 992 2659 interdicimus,
1014 2619 1042 2647 ne

187 2682 237 2720 ante
254 2682 294 2720 eto.
310 2684 336 2720 ut
354 2684 436 2732 snpra.a
466 2678 571 2721 Nobunus
594 2683 667 2721 autem
685 2678 765 2720 litteris
784 2676 921 2732 presentibus
941 2677 1042 2732 derogari

187 2750 277 2792 obtentu
293 2750 417 2804 aliquarum
433 2750 509 2804 sique
525 2751 576 2792 etob
633 2783 637 2797 .

246 2886 254 2901 ³
266 2885 301 2915 ride
313 2894 361 2923 sripnu
373 2884 390 2914 tu
397 2884 431 2923 flue
444 2894 467 2923 ep.
480 2881 521 2916 321.
569 2880 578 2901 ᾗ
591 2884 612 2924 cf.
625 2884 699 2924 epistolae
711 2880 749 2914 322
756 2884 810 2923 fierent.

247 2954 254 2972 ¹
266 2951 358 2988 Michaeli.
402 2951 408 2971 ²
421 2951 498 2988 Simoni.
543 2952 549 2972 ³
561 2952 600 2988 filio
612 2951 680 2988 nobilis
692 2951 727 2987 viri
737 2950 760 2987 G.
773 2951 796 2987 de
805 2951 919 2996 Oheureuse,
931 2950 974 2987 ride
986 2961 1042 2997 supra

187 3023 215 3058 ep.
229 3012 297 3058 atesq.
346 3011 408 3048 tvide
420 3023 448 3058 ep.
462 3012 502 3047 322.
552 3012 582 3048 5i.
596 3024 611 3048 e.
624 3011 704 3058 epistola
713 3011 753 3055 321,
766 3022 822 3058 supra
834 3022 852 3058 p.
862 3010 902 3046 189.
