2154 3394
262 192 389 227 Anaxmmnr
402 201 427 227 rii
439 200 552 227 EPISTOLAE
564 191 604 227 260.
618 191 651 227 261
858 182 899 222 147

50 304 110 348 260.
126 303 236 342 Alabanda·
251 302 286 341 III
294 303 435 354 cr'cbicpismpo
452 302 562 342 ltrroacasi
577 302 657 352 atrisque
671 303 801 354 suffiupuaeis
816 302 902 342 cithatam

96 383 97 386 ’
123 375 231 426 datasque
246 375 330 413 Maioris
345 374 462 414 rrrcaustcrc‘i
476 373 603 432 corrauzerrdat.

156 454 204 491 Bibl.
216 444 255 490 nat.
268 454 325 491 Paris.
338 466 372 490 ms.
385 455 417 490 lat.
431 454 489 489 rasta
501 453 533 490 fol.
546 453 595 489 150³.
616 452 694 500 Scripsit
705 454 795 490 Martene.

109 561 233 605 Alexander
249 563 362 617 episcopus
378 576 452 604 servus
469 575 580 604 servorum
595 562 638 604 Dei
655 561 815 605 uenerabilibus
830 561 903 603 iratri-
916 561 1021 600 1173-76

50 637 91 679 bus
107 633 228 676 Turonensi
244 634 405 689 archiepiscopo
411 636 425 687 1,
445 633 577 688 apostolicae
593 633 651 676 sedis
666 634 745 688 legato,
762 636 784 675 et
799 631 903 687 suffraga-
926 621 1013 659 Ilm-21·

51 706 97 749 neis
119 705 165 747 eius
187 705 280 754 salntem
302 709 323 746 et
344 705 486 759 apostolicam
507 704 686 747 benedictionem.
716 704 786 747 Decet
800 718 840 747 nos
855 704 904 746 reli-

51 778 111 832 giosa
123 776 171 819 loca
185 780 206 818 et
219 790 261 830 eos,
276 776 347 831 quiin
360 776 391 818 eis
403 775 496 819 Domino
510 775 649 830 famulantur,
663 776 752 832 diligere
765 779 787 819 et
798 775 905 818 honorare

52 853 74 891 et
89 847 116 890 ab
131 847 217 904 injuriis
239 847 405 902 malignantium
428 847 542 890 defendere
564 849 646 903 pariter
666 852 689 891 et
708 848 771 890 tueri.
799 848 854 890 lnde
873 851 906 890 est

53 919 111 974 qiiod
133 918 223 961 dilectos
245 918 301 962 filios
318 921 403 961 nostros
420 918 560 961 abbatemet
577 918 656 961 iratres
675 919 764 962 Maioris
779 919 906 962 monasterii

52 990 184 1033 fraternitati
199 994 285 1032 restrae
300 989 428 1044 propensius
445 989 619 1033 commendamus
636 1004 675 1046 per
690 991 809 1046 apostolica
825 991 906 1045 scripta

52 1066 154 1116 rogantes
171 1062 275 1104 attentius
292 1065 314 1103 et
327 1061 462 1115 mandantes,
479 1065 586 1115 quatenus
596 1062 699 1105 abbatem
715 1065 736 1105 et
750 1062 828 1120 iratres
844 1076 905 1117 prae-

53 1134 129 1188 scripti
143 1133 270 1176 monasterii
292 1132 359 1174 diuini
381 1133 460 1175 amoris
481 1133 562 1175 intuitu
582 1138 604 1175 et
618 1149 657 1188 pro
673 1134 794 1176 reverentia
808 1133 829 1175 b.
845 1133 907 1191 Petri

54 1209 75 1248 et
90 1207 165 1248 nostra
181 1212 219 1247 aca
235 1203 407 1247 consideratione
423 1204 533 1258 religionis
549 1204 706 1247 ethonestatis
722 1218 796 1247 eornm
812 1204 906 1258 diligatis

54 1280 76 1319 et
90 1276 201 1319 honoretis
215 1279 236 1317 et
249 1275 276 1318 ab
289 1274 374 1329 injuriis
387 1275 552 1329 malignantium
564 1277 683 1330 protegatis
700 1277 783 1331 pariter
799 1278 820 1317 et
836 1275 907 1317 deien-

54 1347 117 1402 datis,
134 1348 166 1389 ita
182 1347 240 1401 quod
256 1345 377 1388 sollicitudo
393 1349 466 1388 vestra
483 1346 561 1388 debeat
580 1348 656 1390 exinde
676 1347 852 1390 commendabilis
871 1361 908 1401 ap-

53 1432 136 1473 parere.
163 1418 282 1472 Propterea
296 1416 413 1472 siquando
430 1417 457 1458 de
471 1417 621 1472 parrochianis
636 1419 714 1461 restris
731 1418 788 1473 apud
803 1432 841 1460 ros
858 1432 908 1472 que-

54 1489 122 1531 relam
138 1489 287 1544 deposuerint,
310 1502 346 1531 eos
368 1488 397 1530 ad
418 1488 541 1531 ablatorum
561 1490 721 1533 resitutionem
742 1494 763 1532 et
782 1489 910 1531 damnorum

54 1561 235 1603 restaurationem
256 1560 291 1601 vel
312 1559 467 1602 exhibitionem
485 1552 581 1602 institiae
601 1556 692 1614 sollicite
713 1561 819 1604 moneatis
841 1564 869 1614 et,
891 1560 910 1602 si

54 1645 142 1674 necesse
158 1631 233 1685 fuerit,
255 1631 368 1673 occasione
384 1633 483 1673 cessante
501 1631 635 1674 districtione
655 1632 801 1674 ecclesiastica
817 1632 909 1686 compel-

55 1703 112 1745 latis.
144 1702 227 1744 Datum
243 1702 356 1756 Anagniae
371 1701 406 1743 XI
420 1700 528 1744 Oalendas
544 1701 601 1745 Iulii.

57 1883 110 1927 261.
132 1884 241 1923 Alccuader
256 1883 291 1922 ΠΙ
302 1883 398 1921 ll'r'llehao
411 1882 551 1933 aruimus-copo
566 1883 675 1923 dertonensi
687 1885 766 1935 uirisque
781 1885 910 1935 crrfflupuacis

130 1956 152 1995 dc
170 1954 288 2005 cupprcllunis
307 1954 425 2004 prittanium
445 1954 521 2002 scribit,
543 1954 578 2004 qai
595 1955 727 2005 parochianos
748 1957 771 1994 ia
791 1957 911 1994 irroraristcrr'o

130 2027 227 2066 [citicensi
243 2026 314 2076 ubsque
329 2037 397 2063 comma
409 2024 487 2064 luetati
501 2025 562 2075 arcipi
576 2038 618 2064 raca
629 2028 739 2076 patientur.

140 2107 188 2142 Bibl.
200 2110 239 2142 nat.
252 2105 310 2141 Paris.
323 2116 357 2141 ms.
370 2105 402 2141 lat.
415 2105 474 2141 16992
486 2105 517 2140 fol.
531 2105 571 2141 158.
587 2106 673 2142 Martene
685 2105 782 2153 descripsit
794 2119 829 2152 „ex

366 2208 368 2211 Ι
398 2165 476 2200 cartario
488 2164 569 2210 Icyacr‘.

117 2261 242 2303 Alexander
259 2260 372 2314 episcopus
392 2273 466 2301 servus
483 2273 594 2302 serrorum
609 2260 651 2303 Dei
666 2261 825 2303 venerabilibus
841 2260 912 2302 iratri-
926 2263 1029 2302 iiii—76

58 2325 102 2375 bus
114 2332 241 2389 W(illelmo)
258 2331 376 2374 Senenensi
393 2330 561 2386 archiepiscopo,
578 2332 709 2386 apostolicae
725 2333 781 2374 sedis
797 2332 875 2386 legato,
892 2334 914 2373 et
936 2322 1019 2362 last-17·

60 2403 201 2459 suffraganeis
218 2404 311 2446 salutem
328 2405 350 2444 et
365 2402 506 2456 apostolicam
521 2402 699 2447 benedictionem.
720 2404 764 2446 Res
778 2403 806 2445 ad
818 2417 857 2446 nos
870 2417 913 2445 om·
949 2455 954 2462 ,

59 2476 109 2518 nino
126 2474 261 2518 detestabilis
281 2478 303 2516 et
324 2476 448 2516 sanctornm
469 2476 558 2527 patrum
579 2475 684 2517 institutis
703 2475 791 2517 inimica
809 2474 913 2529 pervenit,

61 2547 118 2601 quod
134 2547 223 2601 quidam
236 2545 344 2601 capellani
356 2544 379 2586 in
391 2543 490 2599 partibus
499 2545 584 2598 restris
597 2547 710 2588 constituti
724 2546 753 2588 in·
763 2545 914 2588 contumeliam

60 2618 169 2673 religionis
186 2621 208 2660 et
224 2620 357 2660 contemtum
372 2615 487 2657 monastici
503 2615 584 2658 ordinis
597 2618 739 2671 parochianos
755 2632 805 2659 suos
817 2618 840 2658 in
852 2616 914 2670 loya-

44 2709 46 2714 v
61 2690 120 2732 censi
135 2689 274 2743 monasterio,
292 2687 350 2743 qnod
367 2691 399 2729 est
415 2686 441 2728 dc
457 2685 532 2729 ordine
549 2685 693 2742 Oisteroiensi,
713 2688 811 2730 habitum
827 2689 915 2729 sanctae

62 2762 232 2815 conuersationis
247 2760 330 2814 absque
345 2758 434 2801 licentia
449 2771 489 2799 sua
504 2758 600 2812 recipere
615 2759 740 2814 prohibent,
760 2772 825 2812 qnam
841 2758 868 2800 ab
885 2758 915 2799 eis

61 2845 104 2874 non
125 2836 217 2887 possunt
235 2831 278 2874 nisi
299 2830 360 2886 prius
380 2829 452 2873 oblato
471 2828 543 2883 precio
565 2818 703 2884 aliquatenus
719 2830 822 2873 obtinere.
854 2827 921 2881 Quod,

62 2904 136 2958 ntique
152 2918 217 2958 grave
233 2902 327 2957 gerimus
346 2905 368 2944 et
379 2900 494 2944 molestum
508 2903 530 2942 et
543 2900 645 2943 aclversus
659 2916 695 2944 eos
708 2898 824 2956 pluriminn
836 2901 918 2943 moveri

121 3028 129 3043 ὃ
142 3036 161 3057 ac
172 3028 205 3067 ipsse
217 3026 279 3056 actardi.

123 3095 128 3114 ¹
142 3094 286 3131 Bartholomaco
294 3093 329 3128 has
337 3072 409 3127 litteras
417 3091 496 3127 directas
505 3102 550 3136 esse,
563 3090 630 3127 docent
637 3091 703 3127 verba:
717 3092 787 3137 „apost
795 3089 832 3126 sed.
839 3090 918 3138 legato.“

741 3149 776 3186 10*
882 3150 884 3153 “
