2205 3376
355 149 445 185 Niecnsr
456 160 465 186 Ι
476 159 574 186 EPISTULA
586 150 610 184 44
884 139 912 180 23

115 259 234 312 Desposco,
250 271 277 299 ne
294 256 321 299 ab
337 257 384 311 hac,
399 266 496 301 summoa
511 257 623 311 religionis
636 258 714 311 capite,
729 257 827 310 ecclesia,
844 273 857 300 a.
870 272 913 312 qua
927 258 1038 295 850—854.

56 332 127 377 nullus
144 328 267 371 exorbitare
282 329 334 387 nult,
351 329 385 372 uel
401 345 414 372 a
426 332 493 372 tantis
509 328 600 383 prefatis
617 328 713 371 ecclesiis
730 328 859 372 dissentireb
874 344 913 384 pa·
944 385 948 393 .

56 401 149 455 ciamini,
167 401 185 443 si
201 414 228 442 ex
242 404 288 443 tcto
304 416 381 456 pacem
397 406 419 444 et
434 400 572 444 concordiam
584 401 712 443 uniuersalis
726 400 816 443 ecclesie
832 400 913 442 habere

56 468 154 529 diligitis.
179 471 236 513 Nam
252 473 277 526 si,
294 473 351 527 qnod
363 488 407 517 non
420 473 535 526 credimus,
548 473 571 514 in
584 475 669 514 tantum
682 473 804 516 doctrinam
815 476 913 515 nostram

56 552 78 591 et
92 544 234 592 tradicionem
249 546 318 587 nostri
331 546 402 587 sancti
413 544 507 599 presulis
521 544 665 598 exorrescitis,
682 548 707 586 ut
721 559 765 587 non
780 558 820 599 per
835 547 914 586 cuncta

55 621 78 662 in
94 615 207 660 cantilenis
224 619 246 658 et
260 616 390 659 lectionibus
406 616 473 658 ritum
490 620 590 658 nostrum
606 617 737 671 sequamini,
754 617 838 670 scitote,
855 616 914 670 quod

56 704 93 733 vos
104 704 117 731 a
126 691 201 729 nostra
212 689 360 731 communione
373 687 513 742 repellemus,
527 687 630 742 quoniam
643 688 748 742 conuenit,
761 702 799 730 vos
813 701 839 729 ea
852 688 914 741 sequi

56 760 179 813 salubriter,
196 773 238 813 que
248 759 348 802 Romana
365 759 462 814 ecclesia,
479 763 549 802 mater
565 761 660 802 omnium
676 764 698 802 et
713 760 818 814 magistra
833 762 912 813 uestra,

56 848 99 876 non
115 831 204 886 spernit,
221 831 259 873 sed
275 832 359 886 appetit
375 835 441 885 atque
456 831 602 874 insolubiliter
617 835 683 874 tenet.
714 830 799 874 idcirco
818 830 858 874 sub
878 845 913 872 en-

56 903 249 948 conmunicationis
258 902 424 958 interpositione
433 903 571 958 precipimus,
584 906 609 945 ut
615 917 754 958 nequaquam
764 903 833 958 aliter,
847 917 916 957 quam·

57 980 79 1019 et
95 978 183 1018 sanctus
198 989 256 1029 papa
272 973 391 1029 Gregorius
406 974 499 1016 tradidit
516 979 538 1017 et
553 989 592 1017 nos
608 979 714 1030 tenemus,
730 976 753 1017 in
765 974 913 1018 modulatione

57 1052 79 1091 et
93 1047 186 1089 lectione
201 1047 224 1088 in
240 1046 336 1089 ecclesiis
352 1046 470 1100 peragatis,
486 1046 581 1101 totisque
593 1047 676 1089 viribus
689 1048 796 1102 perpetim
809 1046 913 1089 excolatis

57 1123 78 1162 et
94 1119 220 1161 decantetis.
251 1117 308 1159 Nam
324 1118 349 1172 si,
366 1118 424 1172 quod
439 1119 527 1160 minime
543 1118 657 1173 credimus,
675 1120 698 1161 in
711 1119 803 1161 alteram
815 1133 853 1162 vos
868 1122 913 1160 tra-

57 1191 162 1233 dicionem
177 1193 251 1244 preter
266 1189 329 1243 hanc,
349 1203 414 1244 quam
429 1190 490 1233 uobis
505 1191 644 1245 presentibus
662 1191 697 1233 vel
711 1190 790 1232 futuris
808 1203 912 1244 peragen-

58 1263 108 1322 dam
124 1261 231 1315 duximus,
247 1260 355 1303 reducere·
363 1262 397 1303 vel
410 1261 519 1304 declinare
532 1276 668 1317 quocumque
680 1262 744 1305 modo
758 1265 848 1304 conatus
865 1262 913 1315 [piis

57 1334 128 1387 fuerit,
144 1348 188 1376 non
203 1332 273 1375 solum
292 1346 305 1374 a
321 1347 382 1375 sacro
402 1347 491 1387 corpore
511 1337 533 1375 et
551 1334 655 1388 sanguine
671 1333 760 1376 Domini
777 1334 847 1376 nostri
862 1332 914 1375 Iesu

57 1405 259 1453 011111111111111111ὓ
278 1418 327 1446 eum
342 1403 388 1446 fore
409 1405 561 1459 precipimusl,
577 1419 653 1447 verum
665 1405 687 1447 in
702 1409 808 1460 perpetuo
824 1404 913 1447 anatlie-

55 1481 114 1520 mate
129 1490 256 1518 mansurum
278 1475 305 1518 ob
327 1490 379 1518 suae
397 1477 566 1531 presumptionis
589 1477 701 1519 audatiam
719 1481 794 1519 nostra
809 1477 875 1519 immo
892 1481 914 1518 et

57 1550 153 1592 omnium
168 1551 330 1591 antecessorum
345 1551 470 1590 nostrorum
486 1549 616 1591 auctoritate
632 1549 748 1591 sancimus.

56 1777 99 1821 44.
115 1778 210 1816 Nicotaus
225 1778 240 1816 Ι
251 1778 363 1829 episcopum
378 1778 475 1829 pareculum
490 1778 596 1829 citcipcrct,
613 1779 665 1830 quood
682 1778 804 1817 Gerloaduaa
814 1778 912 1828 111111111-

116 1862 169 1899 lcum,
185 1850 253 1900 inimic
269 1853 391 1898 accusatura,
410 1849 466 1902 titulo
485 1850 589 1901 officioque
600 1851 716 1901 placaverit,
736 1850 779 1889 licat
793 1862 854 1888 occiso
871 1850 914 1889 cias

116 1922 170 1960 balad
184 1922 275 1960 coronatae
291 1925 372 1960 tractata
387 1925 439 1960 asset.
470 1921 558 1971 malaca,
574 1925 597 1960 ut
611 1923 635 1961 ia
649 1922 748 1972 iatcpruua
763 1934 809 1960 caena
824 1922 914 1961 restituat

116 1997 139 2041 ct,
156 1993 249 2032 aclbibitc's
265 1993 351 2044 pariaque
366 1993 466 2043 episcopis,
482 2006 532 2044 pirric
547 1993 671 2042 obiiciantur,
690 1994 791 2043 dilipcutcr
808 1993 914 2044 taquam}

259 2072 306 2108 Ooll.
319 2073 365 2109 Brit.
378 2073 437 2110 Varia
449 2073 471 2109 Π
482 2085 501 2109 n.
514 2074 555 2119 131,
568 2073 580 2109 l.
593 2073 605 2108 l.
618 2074 649 2110 fol.
663 2074 703 2110 210.

116 2181 206 2224 Noverit
226 2181 331 2223 sanctitas
349 2185 398 2236 tua,
421 2181 473 2235 quia
490 2181 526 2223 hic
544 2182 678 2237 presentium
697 2182 755 2224 lator
771 2180 914 2236 GerelanduS,
927 2190 1039 2228 858-867.

56 2254 164 2309 presbiter
182 2252 292 2295 dioceseos
312 2257 373 2307 tuae,
393 2253 541 2307 apostolatum
555 2256 655 2296 nostrum
674 2253 748 2295 adiens
765 2256 854 2308 questus
874 2257 914 2308 est,

57 2326 115 2380 quod
131 2324 267 2379 quorundam
282 2325 405 2379 vulgarium
422 2325 552 2380 populorum
570 2325 650 2380 iniquis
666 2324 744 2367 fuisset
759 2325 914 2368 criminationi-

57 2397 98 2440 bus
115 2397 173 2452 apud
189 2397 328 2439 sanctitatem
343 2400 404 2439 tuam
419 2397 538 2452 impetitus,
554 2396 612 2439 uude
631 2400 762 2440 commotuse
777 2397 805 2439 ab
822 2412 847 2441 eo
862 2398 914 2439 titu-

57 2470 109 2524 lum,
125 2470 206 2524 inquo
223 2468 325 2511 canonice
342 2468 454 2511 ordinatus
469 2468 550 2523 tuerat,
569 2468 708 2522 abstulisses,
724 2469 813 2524 insuper
829 2484 843 2511 a
858 2484 914 2512 com-

57 2543 158 2584 munione
174 2539 240 2583 officii
256 2540 290 2582 sui
304 2540 367 2582 illum
383 2541 539 2595 suspendisses.
572 2539 635 2594 Quod
651 2542 670 2583 si
684 2542 716 2583 ita
732 2545 774 2595 est,
793 2556 837 2584 non
851 2541 913 2585 nobis

58 2614 161 2656 canonice
174 2616 247 2655 actum
256 2612 330 2667 fuisse,
341 2627 431 2667 prorsus
444 2616 544 2667 apparet:
558 2613 659 2667 primum,
673 2613 775 2668 quoniam
787 2628 830 2655 non
842 2614 914 2656 minus

58 2699 124 2738 quam
139 2698 153 2726 a
168 2699 206 2726 sex
222 2685 328 2739 episcopis
345 2683 417 2726 audiri
434 2684 458 2725 in
473 2683 550 2726 causaf
564 2685 661 2727 oriminis
676 2684 822 2740 presbiterum
837 2699 914 2728 conve-

57 2755 99 2809 nit,
116 2756 200 2810 deinde,
215 2770 264 2799 cnm
274 2759 412 2798 accusatores
423 2756 505 2798 crimen
515 2755 548 2797 illi
560 2755 644 2798 nullum
656 2756 801 2811 probaverint,
814 2771 855 2799 nec
867 2757 915 2812 ipse
962 2792 964 2795 .

117 2880 185 2910 ἃ11111111
197 2890 211 2909 c.
247 2876 321 2910 banaias
333 2879 393 2910 uidetur
405 2878 495 2910 dissentiri.
545 2877 791 2919 ὓ1111111111(111111111111111111).
838 2875 914 2921 dprece-

58 2937 158 2978 11111111,
189 2940 309 2970 ecomctusc.
363 2935 571 2970 fincansabi'siacod.

118 3007 125 3025 1
138 3005 165 3041 of.
176 3006 189 3042 J
190 3006 225 3042 affe
231 3007 260 3043 ed.
267 3008 362 3055 1112855.
380 3007 476 3044 Nicolaol
488 3006 558 3053 Bishop
571 3010 590 3042 et
600 3007 666 3044 Ewald
678 3008 803 3054 ascripserunt
816 3009 915 3056 epistolam

58 3065 112 3110 hanc,
125 3066 206 3101 auctoris
218 3067 294 3103 nomine
307 3067 422 3112 destitutam,
435 3068 479 3114 quia
491 3067 539 3102 inter
552 3066 598 3103 alias
611 3068 650 3104 eius
663 3068 750 3116 epistolas
762 3073 845 3115 apparet.
