2178 3376
192 110 234 152 130
433 119 544 154 Huournur
555 127 579 155 rv
590 129 703 156 arrsronnn
715 121 755 157 235.
769 121 803 158 236

191 231 248 274 235.
263 230 420 278 HoirioieosIV
432 230 518 280 opiisoopo
534 234 551 269 et
566 231 666 270 coooriiois
673 231 821 270 Porisieusibos
829 232 933 282 procapii,
949 231 1045 271 111616111-

266 302 344 342 dioconi
359 314 433 357 ecorum,
454 301 563 341 siueoesse
577 297 618 350 sit,
630 302 655 341 od
669 303 813 342 monasterium
828 294 966 342 Loiiriicceiise
985 315 1046 342 cotim

265 378 433 413 sooroioereimare
448 373 477 412 oei
491 373 562 412 iudicii
577 373 671 413 modoet.
701 374 749 412 Alio
763 374 837 413 statuit.

262 453 311 489 Bibl.
320 457 358 490 nat.
365 453 422 489 Paris.
430 452 493 489 Chart.
503 453 522 490 S.
528 453 579 489 Petri
585 452 647 489 Latin.
656 465 690 489 scr.
697 465 714 489 a.
722 454 773 490 1513.
782 453 910 490 malatesta
918 454 950 490 fol.
958 456 986 489 11.
1022 465 1025 468 ⁴

74 565 178 604 1157-59
251 549 361 603 Adrianus
384 561 497 616 episcopus
520 574 593 603 seruus
612 574 723 604 serrorum
737 561 780 603 Dei
798 562 899 616 episcopo
914 561 1046 604 Parisiensi1

72 624 173 664 Mari-15·
193 636 215 675 et
230 632 338 676 canonicis
355 631 452 675 eiusdem
467 631 557 674 ecclesie
572 631 665 674 salutem
677 636 699 675 et
712 632 854 687 apostolicam
866 632 1045 675 benedictionem.

192 704 366 759 Latigniacensis
388 703 479 746 ecclesie
499 703 597 745 homines
619 717 707 757 gravem
731 717 754 745 se
779 706 899 758 queruntur
925 703 1047 747 molestiam

193 776 306 829 sustinere,
323 774 381 829 quod
397 774 437 817 sub
454 774 497 816 alia
513 774 606 816 seculari
620 777 729 829 potestate
744 775 810 829 positi
825 789 864 829 pro
881 774 1046 817 christianitatis

192 846 295 889 misteriis
312 860 350 888 seu
365 846 451 888 indiciis
467 845 495 887 ad
507 849 609 899 vestram,
625 859 667 899 que
680 846 720 888 sub
733 845 819 888 diversa
831 846 924 888 seculari
939 849 1047 901 potestate

193 922 233 971 est,
250 917 363 960 ecclesiam
384 917 457 959 venire
479 920 591 971 coguntur,
613 916 670 959 unde
691 920 713 959 et
727 931 890 972 nonnumquam
905 931 1048 972 personarum

193 1003 232 1032 seu
246 1003 320 1031 rerum
335 1002 424 1030 suarum
439 988 536 1043 pericula
551 988 668 1031 incurrisse
682 992 806 1031 narrantur.
839 987 893 1030 Oum
911 989 978 1043 igitur
996 1002 1047 1042 que-

192 1061 239 1102 rela
255 1074 329 1102 eorum
349 1061 407 1102 iusta
427 1060 514 1102 racione
536 1060 628 1113 nitatur,
651 1074 730 1114 equum
748 1060 811 1104 nobis
827 1060 898 1102 risum
913 1063 955 1114 est,
974 1059 1047 1101 huius-

193 1131 252 1175 modi
268 1132 295 1174 ab
312 1132 343 1173 eis
358 1131 460 1173 iniuriam
476 1131 610 1174 submovere.
642 1129 691 1184 Qua
711 1126 780 1174 dere
799 1131 936 1174 dilectionem
953 1134 1048 1172 vestram

194 1194 280 1258 scriptis
296 1202 433 1257 presentibus
449 1216 597 1245 ammonemus
616 1206 682 1256 atque
699 1203 840 1258 precipimus,
859 1206 884 1245 ut
902 1201 1049 1244 archidiaconi

195 1274 302 1329 deinceps,
319 1273 397 1327 quibus
413 1274 455 1315 iter
470 1274 541 1315 tucius
557 1277 599 1328 est,
615 1287 654 1329 per
670 1278 738 1316 semet
753 1274 812 1329 ipsos
828 1273 857 1316 ad
869 1272 961 1316 eandem
975 1272 1050 1315 villam

195 1345 299 1388 accedant
315 1349 337 1387 et
353 1359 417 1400 super
432 1359 479 1398 eos,
501 1345 644 1399 quodcunque
660 1345 719 1387 soliti
738 1348 797 1399 sunt,
816 1345 885 1387 libere
907 1347 929 1386 et
947 1344 1049 1387 canonice

196 1419 317 1470 exerceant,
333 1430 360 1458 ne
375 1416 433 1458 idem
448 1415 545 1459 homines
564 1416 676 1459 occasione
695 1416 736 1458 hac
751 1416 847 1459 hostium
865 1415 967 1470 periculis
986 1429 1049 1470 expo-

167 1538 169 1542 ,
195 1492 282 1530 uantur.
313 1486 371 1529 Illud
387 1488 453 1529 etiam
468 1502 508 1531 nos
524 1488 627 1530 statuisse
646 1487 758 1542 noveritis,
781 1490 806 1529 ut
824 1501 890 1541 quam
906 1486 943 1529 diu
958 1485 1050 1529 ecclesia

195 1563 268 1602 restra
284 1559 382 1601 antistite
398 1559 492 1601 caruerit
511 1558 546 1601 rel
565 1573 614 1601 cum
630 1559 742 1614 episcopus
758 1572 862 1614 praesens
881 1557 955 1612 fuerit,
975 1571 1050 1600 secuu-

197 1630 248 1673 dum
270 1629 352 1672 decreti
373 1630 442 1672 nostri
463 1634 567 1684 tenorem,
591 1630 609 1672 si
627 1621 775 1672 ecclesiastica
791 1633 928 1672 sacramenta
943 1628 1051 1684 pravitate

196 1702 270 1756 aliqua
286 1700 361 1743 abbati
370 1700 533 1755 Latigniacensi
546 1704 567 1743 et
584 1700 688 1743 iratribus
705 1700 851 1755 denegaverit,
869 1715 882 1742 a
895 1699 992 1755 quolibet
1007 1700 1050 1754 epi-

197 1787 262 1828 scopo
277 1772 394 1815 maluerint
413 1772 489 1815 eadem
505 1776 642 1815 sacramenta
657 1772 751 1814 debeant
766 1773 886 1827 snscipere3
908 1786 978 1826 neque
994 1771 1051 1813 enim

197 1858 277 1899 equum
293 1847 332 1898 est,
348 1847 374 1885 ut
382 1842 424 1885 Dei
440 1844 507 1886 servis
521 1843 668 1888 ecclesiastiea
680 1844 777 1886 misteria
790 1843 953 1886 subtrahantur.
979 1842 1051 1885 Preci-

197 1916 268 1971 pimus
285 1916 357 1969 etiam,
379 1919 404 1957 ut
425 1916 529 1958 ecclesiae
547 1914 720 1969 Latigniacensis
741 1916 874 1968 monasterii,
896 1928 938 1970 que
959 1918 1009 1956 sunt
1029 1914 1052 1955 in

197 1986 317 2029 Parisiensi
339 1986 429 2041 diocesi,
449 1986 518 2029 libere
534 1987 577 2028 sint
593 1990 614 2029 et
628 1986 735 2028 immunes
751 2000 764 2028 a
780 1985 864 2028 citrada
880 1989 902 2028 et
920 1985 1000 2040 synodo
1017 1999 1051 2027 ex-

199 2058 267 2113 ceptis
283 2057 391 2112 parochiis
407 2057 509 2100 videlicet
524 2058 550 2099 de
566 2056 679 2111 Circuisna,
697 2057 722 2099 de
737 2057 811 2100 Monte
826 2057 900 2099 Eunni
915 2060 937 2099 et
953 2057 979 2099 de
992 2056 1052 2099 Ohis-

199 2129 263 2172 siacc.
294 2128 377 2170 Datum
392 2127 497 2171 Laterani
511 2128 564 2171 idus
579 2128 660 2171 Martii.
723 2187 725 2197 ,

199 2309 256 2352 236.
272 2310 389 2349 Hadrianus
404 2310 438 2349 JV
454 2310 528 2349 clericis
543 2313 561 2349 ct
582 2309 637 2349 luicis
658 2314 689 2349 cot.
712 2314 729 2349 et
746 2310 845 2349 iiuioersis
865 2310 903 2359 „ia
918 2310 1011 2360 Arperiiio
1029 2311 1053 2348 iri

273 2381 392 2431 opricuitaro
404 2381 551 2420 iohororitibuss‘
566 2381 632 2420 scribit
646 2382 668 2420 de
685 2381 765 2420 decimis
778 2381 895 2431 Ropruamo
911 2382 1052 2432 archiepiscopo

274 2452 384 2492 Arelatensi
394 2453 533 2503 persolvendis.

270 2532 318 2568 Bibl.
330 2536 369 2568 nat.
382 2532 440 2568 Paris.
454 2535 470 2579 1]
484 2532 531 2569 0011.
544 2532 613 2568 Baluze
625 2533 648 2569 88
660 2532 692 2569 fol.
705 2533 728 2568 26
742 2541 895 2576 manus.XV11;
917 2532 935 2578 2)
947 2544 981 2569 ms.

454 2593 486 2628 lat.
500 2592 602 2628 12772161.
616 2594 638 2628 33
651 2604 701 2628 man.
714 2604 727 2627 s.
741 2600 792 2627 xvir.

81 2700 185 2738 1157-59
257 2687 367 2729 Adrianus
384 2688 497 2743 episcopus
513 2701 587 2730 servus
603 2702 714 2730 serrorum
725 2687 768 2730 Dei
784 2687 868 2730 dilectis
884 2686 934 2731 filiis
949 2691 995 2730 tam
1011 2688 1053 2731 cle-

89 2759 170 2799 1111114.
198 2758 248 2801 ricis
268 2773 334 2813 quam
354 2759 426 2813 laicis,
448 2759 569 2813 monachis,
588 2759 745 2814 hospitalariis,
766 2758 886 2814 templariis
906 2763 928 2801 et
947 2760 1052 2802 universis

197 2831 221 2872 in
232 2830 338 2885 Argentia
350 2830 373 2872 in
386 2830 518 2884 agricultura
530 2831 682 2875 laborantibus
695 2830 788 2873 salutem
801 2834 823 2873 et
835 2831 977 2886 apostolicam
988 2831 1053 2874 bene-

199 2901 321 2944 dictionem.
352 2901 387 2944 Ex
402 2902 498 2946 iniuncto
513 2902 576 2946 nohis
592 2902 662 2945 aDeo
678 2903 756 2944 summi
768 2902 907 2957 pontificatus
923 2902 994 2947 officio
1010 2903 1053 2946 fra-

258 3021 264 3040 ¹
277 3020 389 3057 Theohaldo.
