2154 3394
297 175 299 177 ’
336 168 613 206 ’166661111616116369
647 142 648 145 ¹
865 161 908 201 223

49 277 101 320 filiis
119 276 228 331 prioribus
249 281 273 329 et
292 277 424 332 presbyteris
446 278 602 333 in·prorincia
617 276 754 320 Narbonensi
776 278 907 333 constitutis,
923 279 1027 318 1184—85

3 364 4 367 ¹
50 349 79 391 ad
94 362 148 402 quos
163 348 252 391 litterae
273 349 329 391 istae
350 351 497 404 pervenerint
520 349 614 391 salutem
636 352 658 390 et
679 349 822 404 666616116616
843 350 908 392 bene-
927 338 1023 388 ΒΘ11110·

1 470 3 472 ,
52 419 175 463 dictionem.
207 419 325 475 Oonqucsti
340 424 391 463 sunt
405 421 468 464 nobis
485 420 560 463 dilecti
574 419 615 461 filii
626 421 696 463 nostri
709 420 778 483 abbas
792 424 814 462 et
828 420 908 464 tratres

50 492 120 534 Vallis
136 506 228 546 magnae
244 496 266 534 61
282 492 319 534 6111
334 491 413 535 tratres
432 492 530 534 eiusdem
549 491 631 535 ordinis
646 493 669 534 in
684 492 762 533 1661116
779 493 908 548 episcopati-

51 564 92 607 bus
106 564 225 618 constituti,
242 563 309 618 quod,
327 578 375 606 oum
391 578 455 620 saepe
473 578 591 619 pravorum
606 563 717 607 bominum
736 564 841 606 molestiis
864 565 909 619 agi-

51 639 135 689 tentur,
155 640 261 689 coguntur
281 635 391 678 interdum
412 650 451 690 pro
474 634 561 677 defectu
581 635 679 677 iustitiae
700 635 728 677 ad
748 636 909 691 recuperandas

1 712 2 715 ’
52 722 87 750 166
104 707 189 749 ablatas
205 708 300 749 inaniter
318 706 425 750 laborare.
457 706 501 749 Nos
517 707 584 761 igitur
606 710 628 748 et
646 706 758 750 laboribus
781 711 803 750 et
825 707 909 749 damnis

53 793 127 823 eorum
146 778 242 821 16166166
261 792 379 833 congruum
399 779 502 822 adhibere
523 778 643 821 remedium
664 779 803 821 universitati
824 782 910 821 restrae

52 865 92 906 per
102 849 227 905 apostolica
243 850 325 905 scripta
343 850 471 893 mandamus
488 853 554 905 atque
570 850 722 905 praecipimus,
736 850 839 905 quatinus
855 850 910 904 loca,

53 923 148 977 adquae
163 921 325 977 praedictorum
341 921 433 964 11611661
446 921 527 977 praedo
544 921 663 975 devenerit,
686 935 753 975 66616
769 922 806 964 diu
821 922 853 964 ibi
868 936 910 976 res,

53 1008 109 1048 quae
126 993 170 1035 illis
190 993 213 1034 in
235 991 293 1035 16116
315 993 402 1036 ablatae
422 997 482 1047 6661,
505 993 639 1047 detinentun
661 993 772 1036 interdicti
790 995 911 1036 sententiae

2 1095 4 1097 -
53 1065 415 1120 6616666116666661611116116111
430 1066 461 1107 eis
471 1065 517 1107 ulla
527 1064 599 1107 diuina
612 1063 683 1107 officia
698 1069 786 1119 praeter
801 1065 912 1120 toaptisma

4 1137 5 1140 ’
53 1141 76 1179 61
94 1136 239 1192 poenitentias
259 1135 370 1179 celebrari.
402 1137 519 1191 11661616,
543 1123 596 1191 qum
618 1136 641 1177 16
663 1136 748 1190 aliquos
765 1137 791 1179 dc
807 1136 912 1178 fratribus

54 1197 107 1264 ipsis
123 1208 229 1250 uiolentas
244 1222 322 1250 manus
337 1208 439 1263 injecisse
455 1208 584 1261 constiterit,
601 1210 648 1249 tam
665 1207 702 1249 diu
715 1208 912 1250 excommunicatos

4 1320 6 1322 ,
54 1279 141 1334 publice
158 1280 270 1333 nuntietis
290 1279 358 1321 116666
374 1283 396 1321 61
410 1279 513 1321 iniuriam
531 1280 602 1334 passis
622 1293 715 1332 congrue
735 1278 872 1321 satisfaciant
891 1283 913 1320 et

56 1366 105 1393 cum
120 1354 242 1393 vestrarum
257 1351 382 1393 testimonio
397 1348 522 1392 litterarum
539 1350 567 1392 ad
580 1349 653 1392 sedem
666 1351 810 1405 apostolicam
825 1351 914 1392 veniant

56 1422 188 1465 absolvendi.
213 1422 357 1464 Probibemus
373 1422 469 1477 insuper,
485 1414 511 1464 ut
526 1420 913 1475 616116611661616661616666616617

5 1511 7 1519 2
56 1494 93 1547 qui
105 1497 155 1549 post
170 1492 251 1536 iactam
268 1492 425 1548 professionem
444 1507 457 1535 a
475 1493 614 1536 monasteriis
631 1493 675 1535 suis
692 1494 791 1547 exierint,
808 1492 914 1535 1666616-

3 1588 5 1622 j
55 1565 93 1606 siis
115 1565 192 1607 restris
214 1565 282 1620 recipi
301 1578 345 1607 non
364 1564 441 1606 sinatis
457 1578 497 1606 nec
512 1564 582 1606 ullum
602 1566 719 1619 praestetis
738 1564 914 1620 apostatantibus

5 1681 7 1683 ,
55 1650 69 1678 a
84 1636 188 1690 religione
207 1636 312 1690 fauorem,
335 1650 377 1690 quo
395 1636 430 1678 161
448 1636 570 1678 monastica
588 1635 704 1691 disciplina
724 1636 862 1691 dispendium
876 1650 914 1691 pa-

55 1708 124 1750 tiatur
138 1708 173 1750 161
188 1709 231 1763 ipsi
248 1707 315 1750 iidem
330 1707 357 1750 de
373 1709 510 1750 conniventia
527 1710 601 1750 uestra
616 1708 639 1749 in
658 1722 746 1750 suarum
766 1708 863 1763 periculo
882 1722 915 1750 16-

55 1782 159 1820 maneant
179 1779 307 1821 animarum.
338 1778 421 1821 Datum
436 1778 537 1822 Veronae
553 1778 633 1820 1116.
651 1778 792 1834 Septembris.

56 1935 115 1979 369.
130 1937 208 1976 Luctus
222 1936 258 1976 III
268 1937 292 1976 16
307 1938 426 1976 1666661666
445 1937 580 1976 curiatiorum:
601 1937 679 1975 61611666
700 1937 730 1975 661
748 1937 808 1976 luteos
827 1938 853 1976 ud
870 1949 915 1976 666-

4 1998 5 2001 “
122 2008 241 2047 6616166616
255 2010 316 2059 recipi
327 2009 432 2059 pernubilet.

176 2088 223 2124 Bibl.
236 2092 274 2125 nat.
286 2089 344 2125 Paris.
357 2100 392 2124 ms.
405 2088 437 2124 lat.
451 2088 515 2124 mua.
528 2087 560 2124 fol.
574 2088 615 2124 159.
631 2094 670 2135 cop.
685 2099 700 2124 6.
713 2099 729 2123 a.
743 2087 793 2124 tour.

116 2183 197 2226 Lucius
214 2185 327 2240 episcopus
349 2199 423 2227 661166
446 2199 557 2227 serrorum
572 2184 614 2226 Dei
633 2184 717 2226 dilectis
736 2183 786 2226 filiis
803 2183 879 2227 abbati
896 2188 917 2227 et
931 2193 1034 2233 1184-85

4 2244 6 2292 s
58 2255 162 2298 iratribus
179 2255 205 2298 de
216 2254 327 2299 Gemondo
345 2256 438 2298 salutern
451 2259 472 2298 61
485 2255 628 2311 apostolicam
641 2255 821 2299 benedictionem.
843 2256 916 2299 Hune·
935 2254 988 2303 Sept·
998 2254 1031 2292 '24-

58 2331 138 2370 statem
154 2341 179 2369 ao
194 2327 322 2382 religionem
338 2317 414 2371 domus
429 2331 524 2382 1661166,
544 2327 606 2382 quae'
619 2327 658 2369 sub
675 2326 775 2369 Oistercii
795 2328 917 2370 6661166116·

58 2398 171 2453 institutis,
187 2400 237 2453 piae
253 2399 394 2453 benignitatis
408 2399 476 2442 6611116
488 2400 605 2452 intuentes,
621 2399 764 2454 petitionibus
779 2399 858 2441 1661116
875 2399 916 2440 616-

59 2473 144 2512 menter
159 2471 274 2513 annuimus
297 2475 318 2514 et
334 2485 380 2525 eas,
402 2471 426 2512 in
441 2474 548 2525 quantiun
563 2470 660 2513 iustitiae
678 2470 810 2513 rectitudine
825 2469 917 2512 fulciun-

6 2550 8 2587 J
60 2546 102 2595 tur,
119 2542 147 2583 ad
162 2542 216 2584 utile
232 2546 254 2585 et
270 2543 453 2598 complementum
467 2541 565 2583 bilatiter
582 2556 740 2596 promeremus.
771 2541 805 2584 Ea
820 2546 917 2601 propter,

12 2655 15 2665 ξ
60 2613 133 2655 dilecti
148 2613 172 2655 in
186 2613 280 2658 Domino
296 2614 342 2669 11111,
359 2628 398 2669 per
413 2616 539 2668 praesentes
554 2613 616 2655 uobis
631 2612 717 2656 litteras
733 2600 877 2667 indulgemus,
894 2617 919 2655 ut

59 2683 126 2727 liceat
140 2685 201 2728 vobis
218 2686 307 2729 clericos
322 2686 357 2729 161
371 2686 439 2728 laicos
459 2700 470 2727 e
490 2685 577 2727 saeculo
593 2684 700 2739 fugientes
715 2685 795 2728 liberos
817 2688 840 2727 et
856 2686 918 2729 abso-

59 2755 117 2815 16166
134 2756 339 2801 6116611161616116111
355 2758 453 2813 accipere
470 2749 668 2811 611666616661116
689 2756 861 2799 contradictione
880 2757 918 2800 ali-

7 2848 8 2851 *
61 2841 104 2881 qua
119 2828 219 2871 retinere.
251 2828 275 2872 Si
291 2831 339 2884 quis
355 2833 429 2872 autem
445 2828 471 2870 de
489 2827 533 2881 his,
556 2828 593 2882 qui
616 2828 919 2871 66116111611661166161611-

62 2898 139 2954 derint,
157 2899 267 2943 6611166666
286 2901 360 2956 luerit,
384 2916 406 2944 se
424 2914 464 2956 per
478 2899 596 2941 uiolentam
612 2914 715 2942 manuum
730 2900 870 2951 1111661166616
885 2901 919 2942 161

61 2985 100 3025 pro
116 2972 166 3026 igne
182 2972 281 3027 66666116
297 2973 404 3039 generalis
421 2971 541 3015 sententiae
558 2984 662 3013 canonem
680 2972 806 3026 1661611666,
827 2972 920 3015 liberam

120 3080 126 3099 1
139 3079 238 3117 Amedeus.
