2154 3394
312 192 440 227 Annrnnuru
451 200 477 226 nr
491 200 604 227 urrsrourn
616 191 650 226 237
866 180 905 221 131

55 301 125 344 tribus
141 299 222 342 nostris
237 300 350 354 episcopis
371 299 394 341 in
416 313 456 341 sua
477 298 561 341 iustitia
583 298 695 341 existimus
716 298 824 341 debitores
841 300 863 339 et
878 296 908 339 eis
923 296 1027 334 1157-59

57 372 153 426 cogimur
172 371 220 412 iura
242 385 282 413 sua
301 371 387 414 illibata
409 374 431 413 et
451 371 536 424 integra
552 383 685 412 conservare.
715 369 770 412 inde
784 370 860 424 utique
877 371 910 410 cst
934 355 1015 395 Mam·

57 442 114 498 quod
129 442 267 484 universitati
281 446 367 486 vestrae
387 457 426 498 per
445 440 565 497 apostolica
586 441 667 496 scripta
681 440 834 496 praecipiendo
849 454 909 499 man-

57 515 133 556 damus
149 516 171 554 et
185 513 308 557 mandando
324 513 476 570 praecipimus,
493 514 600 567 quatenus
617 512 728 567 decimam7
744 527 810 567 quam
825 512 848 554 in
863 514 910 554 tota

56 584 162 638 Argentia
180 583 206 626 de
228 583 300 627 fundis
318 600 423 629 novarum
440 588 550 626 terrarum
567 584 742 638 praesentialiter
760 583 910 627 laboraturum

57 659 95 699 aut
109 655 251 709 imposterum
265 656 447 699 laborandarumst
462 655 592 698 venerabilis
605 654 672 697 frater
683 659 758 698 noster
768 653 910 709 Raymundus

57 726 192 770 Arelatensis
202 726 377 783 archiepiscopus
389 727 412 769 in
421 727 575 780 transactione,
589 740 655 780 quam
667 725 774 768 iecitcum
780 725 910 780 ildephonso

57 798 180 841 Tholosano
196 799 281 852 comite,
304 800 360 841 sicut
374 799 397 840 in
416 799 497 852 scripto
519 797 596 840 exinde
611 797 682 840 factob
701 798 841 851 continetur1,
859 796 911 839 sibi⁰

58 869 153 922 retirmit,
176 870 196 911 ei
212 870 270 912 omni
285 871 399 913 occasione
415 873 437 911 et
453 862 591 912 excusatione
609 869 730 924 postposita
745 868 874 924 persolvatis
890 871 912 910 et

57 940 118 983 nulla
132 940 216 983 ratione
232 941 323 983 eandem
345 941 451 983 decimam
472 940 533 983 vobis
553 941 621 983 invito
642 940 803 995 archiepiscopo
818 939 912 981 retinere

58 1014 96 1054 aut
114 1011 222 1066 aliquibus
243 1013 340 1067 personis
360 1012 470 1055 exsolvere
490 1000 641 1066 praesumatis.
673 1011 755 1054 Datum
769 1010 873 1053 Laterani
888 1009 912 1053 Π

58 1082 110 1125 ldus
126 1082 186 1125 Maii,

60 1238 115 1283 237.
130 1240 240 1279 Alexander
254 1240 289 1279 IH
304 1240 453 1280 Gratulauueasis
469 1241 553 1292 qumoopl
570 1240 659 1280 studeam
675 1252 719 1290 apa
733 1252 754 1279 sa
768 1244 786 1279 ct
801 1240 913 1279 Romanum

133 1311 231 1350 ecclesium
247 1311 318 1351 laudat.
349 1312 379 1350 De
394 1311 556 1362 appellationibus
574 1313 598 1350 iu
615 1311 682 1351 octusis
700 1311 789 1350 ciuilibus
808 1312 913 1361 respondet.

133 1382 156 1421 a.
175 1383 266 1421 caracara
286 1395 308 1421 ca
329 1383 406 1422 ccclesia
425 1383 521 1422 (lurcium
538 1383 655 1422 Srurctomua
674 1383 728 1422 alecti
745 1395 827 1421 cucusum
845 1383 863 1421 cl
883 1383 914 1422 dc-

133 1453 219 1492 mandat

130 1520 178 1557 Bibl.
187 1520 282 1558 facultatis
290 1521 393 1558 medicinae
399 1522 581 1569 llontispessulanae
588 1534 622 1557 ms.
630 1523 664 1558 315
671 1534 685 1558 s.
692 1530 726 1557 XII
734 1521 760 1557 fol
767 1521 801 1557 108
805 1520 844 1557 vo.d

119 1628 244 1671 Alexander
269 1629 382 1684 episcopus
407 1642 481 1671 servus
508 1644 618 1672 servorum
639 1629 682 1672 Dei
708 1628 828 1671 venerabili
851 1628 914 1671 fratri
932 1625 989 1678 1160

61 1699 156 1755 B(osoni)
166 1698 319 1743 Oatalaonensi
328 1700 429 1755 episcopo
442 1700 534 1742 salutem
547 1703 569 1742 et
581 1700 723 1755 apostolicam
734 1699 912 1743 benedictionem.
926 1685 967 1723 1³¹²·
976 1686 995 1723 ρ’

62 1769 197 1813 Constitutus
213 1771 236 1812 in
251 1772 361 1826 presentia
376 1776 452 1814 nostra
466 1771 493 1814 R.
506 1771 563 1814 lator
578 1772 712 1826 presentium
727 1785 767 1813 sua
782 1771 844 1814 nobis
859 1771 914 1814 reia-

61 1842 119 1884 tione
135 1842 241 1897 exposuit,
264 1842 331 1897 quod,
355 1857 403 1885 cum
422 1842 450 1885 ad
469 1843 542 1885 sedern
560 1843 703 1898 apostolicam
721 1856 770 1884 cum
787 1844 830 1885 tuis
845 1843 915 1885 literis
942 1871 943 1874 =

62 1916 195 1968 properaret,
211 1914 234 1955 in
250 1913 328 1967 quibus
344 1928 387 1956 non
402 1913 510 1956 modicum
522 1914 593 1956 leticie
609 1914 635 1956 de
647 1904 782 1969 promotione
793 1918 869 1957 nostra
884 1914 915 1956 di-

63 1984 116 2026 ceris·
133 1984 248 2027 denotasse
262 1987 283 2025 et
295 1998 341 2037 nos,
358 1984 416 2038 quod
429 1984 456 2026 de
469 1985 650 2040 appellationibus
663 1986 692 2027 sit
703 1985 826 2038 tenendum,
840 1999 915 2027 consu-

62 2055 135 2109 luisse,
148 2069 187 2110 per
195 2069 310 2110 pravorum
322 2054 448 2098 violentiam
461 2055 535 2098 eedem
547 2056 619 2098 littere
632 2056 719 2098 bierunt
732 2056 752 2098 ei
764 2056 846 2108 ablate3
859 2056 916 2098 unde

63 2141 102 2169 nos
118 2141 183 2181 super
199 2126 311 2169 devotione
331 2140 356 2168 ac
372 2125 423 2169 fidei
442 2127 574 2182 sinceritate,
593 2141 659 2182 quarn
676 2128 734 2170 circa
748 2130 841 2170 matrem
856 2131 917 2170 tuam

63 2197 185 2241 Romanam
201 2197 314 2240 ecclesiam
330 2200 352 2239 et
364 2212 480 2253 personam
495 2202 592 2242 nostram
603 2199 685 2242 habere
698 2199 823 2252 dinosceris,
838 2199 861 2241 in
872 2199 916 2241 Do-

64 2270 121 2316 mino
137 2269 258 2312 exultamus
274 2273 375 2323 rogantes
391 2273 414 2312 et
428 2273 540 2313 monentes
556 2272 667 2324 attentius,
684 2262 786 2325 quatinus
802 2271 825 2312 in
833 2270 917 2312 unitate
974 2304 976 2306 .

65 2353 90 2382 ac
104 2337 210 2383 fidelitate
222 2340 321 2383 Romane
337 2341 427 2383 ecclesie
440 2355 465 2383 ac
477 2345 553 2384 nostra
565 2342 671 2385 immobili
685 2341 788 2384 firmitate
805 2342 916 2384 consistas.

64 2410 108 2454 Nos
125 2413 181 2454 enim
196 2426 312 2467 personam
326 2415 388 2471 tuam
403 2412 488 2454 sincera
503 2412 526 2454 in
538 2411 631 2456 Domino
648 2414 738 2456 caritate
755 2413 843 2467 diligere
858 2412 917 2455 voln-

64 2496 111 2525 nius
128 2487 150 2525 et
164 2485 187 2525 in
202 2484 245 2526 tuis
259 2483 324 2539 justis
342 2482 486 2538 peticionibus
506 2484 614 2526 exaudire.
646 2484 716 2540 Super
736 2484 916 2540 appellationibus

65 2558 137 2597 antem
148 2555 236 2597 illarum
248 2569 369 2609 causarum,
386 2568 427 2609 que
440 2555 497 2597 inter
508 2555 576 2598 laicas
591 2570 695 2610 personas
705 2559 824 2609 vertuntur,
841 2555 916 2597 irater-

64 2626 156 2668 nitatem
176 2630 237 2669 tuam
259 2626 359 2668 in'hunc
379 2624 467 2668 modum
483 2626 582 2669 duximus
601 2627 757 2681 instruendam,
776 2626 876 2669 videlicet
893 2629 918 2667 ut

65 2711 109 2740 non
123 2698 189 2740 liceat
204 2697 303 2740 civilibus
318 2697 416 2752 personis
438 2697 461 2739 in
482 2711 549 2740 causa
571 2698 629 2740 civili
647 2702 698 2740 ante
718 2698 917 2754 pronuntiacionem

0 2763 1 2766 ¹
66 2770 174 2811 sentencie
186 2769 209 2811 in
221 2783 296 2811 vocem
307 2769 460 2824 appellationis
473 2783 619 2824 prorumpere.
639 2770 710 2825 Aqua
719 2770 801 2812 scilicet
811 2769 918 2821 sententia

65 2839 100 2882 vel
112 2845 231 2895 postquam
247 2841 265 2883 si
281 2839 336 2883 forte
351 2840 409 2883 infra
421 2840 443 2883 X
459 2840 504 2883 dies
520 2840 586 2883 fuerit
598 2841 731 2896 appellatum
747 2844 768 2882 et
782 2840 839 2882 inira
854 2840 918 2882 nnius

126 2964 133 2979 Ε
145 2964 167 2994 sic
179 2967 219 2994 recta
232 2963 250 3001 15
263 2961 374 3003 personaliter
385 2942 499 2994 laboraturum
512 2963 541 2994 aut
553 2962 684 2994 laborandarum
697 2963 713 2995 2.
755 2960 764 2981 ¹²
776 2962 824 3000 slo23
836 2961 855 2993 in
868 2962 919 3004 scrip·

0 3039 2 3041 ·
67 3019 89 3051 tis
100 3021 135 3053 suis
148 3023 163 3054 1.
212 3021 275 3054 ⁰sicut
284 3033 367 3063 perperene
379 3024 396 3053 la
407 3021 423 3055 1.
472 3018 535 3054 dlllc'lrl
544 3023 586 3054 vuisit
597 3023 616 3054 L.
629 3024 688 3054 Delisle
699 3023 724 3054 air
735 3023 759 3054 ill.

102 3103 103 3106 ¹
127 3091 296 3127 ¹Instrumentum
308 3090 350 3126 vide
362 3091 382 3126 in
395 3090 443 3127 Gall.
457 3091 552 3127 chusar.
565 3090 620 3126 Instr.
633 3091 661 3127 97.

347 3154 351 3162 >
676 3156 679 3162 ,
755 3149 778 3186 9ss
