2154 3394
312 208 439 244 Annxmom
450 217 476 243 111
488 213 602 243 nrrsronnn
615 206 650 241 314
867 197 908 237 183

54 312 190 355 devotionem
206 317 228 356 et
244 315 390 358 obedientiam
404 319 466 358 tuam
481 316 504 357 in
519 314 561 356 hac
576 316 639 368 parte
654 314 741 368 plenius
755 314 855 369 experiri,
871 329 910 369 per
924 313 1018 353 tiron.

39 386 133 431 ,iterata
148 383 189 426 tibi
208 387 290 441 scripta
308 387 446 443 precipiendo
466 385 595 429 mandamus
614 388 636 427 et
654 385 677 426 in
692 386 771 428 uirtute
788 385 910 428 obedientie

53 456 192 510 iniungimus,
209 459 311 512 quatinus
327 459 411 501 nullam
426 459 464 501 alii
479 457 614 513 prebendam
629 456 781 512 quoquomodo
796 462 911 500 vacantem

54 530 161 581 integram
176 528 210 570 vel
226 529 344 584 dimidiam,
368 517 436 573 donec
457 529 554 585 prefatus
570 528 683 585 H(erreus]
701 528 834 584 prebendam
855 526 910 571 intess

54 613 116 654 gram
130 599 217 654 habeat,
235 602 346 655 assignare
359 616 478 657 presumas.
505 599 568 654 Quod
584 601 602 642 si
617 601 781 656 presumpseris,
798 614 910 655 presump-

54 671 135 713 tionem
150 674 211 713 tuam
227 674 312 716 noveris
329 673 403 716 durius
419 672 551 728 puniendam
567 674 590 714 et
601 685 640 714 nos
659 670 740 713 tactum
756 674 819 714 tuum
837 675 910 715 aucto-

54 742 119 784 ritate
135 744 256 797 apostolica
270 745 357 787 irritum
372 745 459 800 penitus
476 744 611 785 decernimus
625 745 647 784 et
658 743 728 785 inane.
755 741 818 796 Quod
835 743 853 785 si
868 758 911 786 non

55 817 180 857 occurrente
197 814 287 858 dimidia
305 817 412 871 integram
431 817 451 858 ei
469 815 603 870 prebendam
619 814 744 868 contuleris,
764 814 863 857 volumus
879 819 910 869 ut,

55 899 103 928 curn
120 884 146 928 de
161 887 247 941 integra
268 902 307 943 per
329 902 351 930 se
372 888 406 929 uel
421 901 460 942 per
478 887 629 942 interpositam
647 900 771 941 personam,
794 887 813 928 si
832 886 910 928 absens

54 955 126 1010 frierit,
142 958 165 999 in
180 957 271 1001 fiatrem
287 963 310 1001 et
325 960 452 1002 canonicum
468 973 481 1000 a
495 958 590 1013 capitulo
602 962 702 1013 receptus
718 957 789 1012 luerit
806 958 832 1000 de
849 958 910 1000 dimi-

56 1028 98 1082 dia,
115 1043 180 1083 quam
195 1030 242 1085 ipse
258 1030 334 1085 habet,
357 1045 382 1074 eo
399 1031 464 1073 etiam
480 1030 579 1083 absente,
602 1033 677 1073 nostra
697 1028 764 1071 fretus
780 1030 910 1072 auctoritate

55 1100 164 1155 disponas.
190 1100 213 1144 Si
229 1116 295 1156 quam
311 1106 384 1145 autem
396 1090 530 1157 prebendam
545 1102 652 1156 integram
667 1101 702 1143 vel
718 1100 835 1155 dimidiam,
851 1105 910 1156 post-

55 1186 121 1226 quam
135 1172 193 1215 idem
208 1174 323 1231 Hterueus)
340 1174 432 1229 arripuit
449 1175 492 1216 iter
508 1174 536 1216 ad
550 1188 590 1216 nos
605 1172 715 1226 veniendi,
738 1172 803 1214 alicui
823 1172 860 1218 alii
876 1186 910 1215 as-

54 1244 152 1297 signasti,
169 1246 226 1286 omni
243 1246 356 1288 occasione
373 1249 394 1288 et
407 1246 552 1301 appellatione
566 1248 671 1298 cessante,
689 1244 827 1287 donationem
839 1245 910 1298 ipsam

53 1315 76 1356 in
91 1315 177 1357 irritum
192 1330 293 1359 reuocare
309 1322 331 1360 et
347 1317 417 1360 eidem
432 1317 533 1374 Hterueo)
551 1316 586 1359 uel
602 1316 637 1358 cui
657 1315 793 1358 mandaverit
811 1330 854 1358 non
870 1314 910 1357 dif-

53 1384 111 1428 feras
127 1387 246 1442 assignare,
262 1388 341 1431 litteris
354 1389 434 1432 nostris
449 1403 493 1431 non
506 1388 657 1441 obstantibus,
665 1388 684 1429 si
696 1402 738 1442 que
751 1390 802 1429 sunt
813 1387 848 1429 rel
861 1390 911 1429 etc.l

53 1456 158 1509 Nolumus
175 1459 238 1513 enim,
262 1460 320 1514 quod
336 1461 468 1521 constitutio,
492 1474 558 1514 quam
573 1459 596 1501 in
611 1458 701 1501 concilio
721 1457 821 1512 fecimus,
844 1458 910 1512 impe-

54 1528 108 1583 diat,
132 1530 190 1584 quod
212 1545 225 1572 a
247 1531 309 1574 nobis
332 1535 382 1574 ante
405 1531 520 1574 concilium
545 1530 612 1572 brisso
638 1529 758 1572 dinoscitur
778 1528 910 1573 inchoatum.

54 1598 152 1653 Quodsi
166 1603 265 1657 pronepoti
280 1604 357 1658 nostri,
374 1603 432 1658 quod
447 1617 491 1645 non
507 1601 620 1656 credimus,
638 1604 773 1656 contemptor
791 1600 858 1642 fueris
874 1604 912 1643 aut

53 1671 164 1726 negligens
181 1674 295 1717 exauditor
310 1674 430 1717 venerabili
445 1674 508 1716 fratri
523 1677 598 1717 nostro
613 1672 739 1729 W[illelmo)
755 1672 858 1715 Remensi
878 1687 911 1714 ar-

54 1742 202 1800 chiepiscopo,
215 1749 289 1787 sancte
305 1745 385 1788 Sabine
402 1745 513 1799 cardinali,
530 1744 649 1800 apostolice
669 1745 727 1786 sedis
746 1745 829 1798 legato,
852 1744 911 1786 dedi-

53 1828 100 1856 mus
116 1815 139 1857 in
154 1816 270 1870 mandatis,
288 1820 314 1859 ut
325 1817 453 1859 mandatum
464 1820 563 1859 nostrum
576 1815 663 1858 sublato
676 1815 829 1871 appellationis
842 1830 910 1858 reme-

53 1885 88 1929 dio
105 1888 236 1930 auctoritate
252 1887 320 1931 fretus
337 1888 456 1944 apostolica
472 1888 556 1943 plenius
573 1890 700 1942 exequatur.

53 2090 107 2134 314.
124 2092 235 2132 Aleacaaa·
250 2093 284 2132 ΠΙ
297 2094 367 2132 decerno
383 2097 400 2133 ct
413 2094 497 2144 capitolo
509 2094 604 2132 illeldcosi
616 2094 704 2142 rriciadot,
718 2088 791 2142 carent,
804 2106 828 2132 oc
844 2105 911 2132 eoram

129 2165 230 2215 episcopas
242 2165 348 2204 stiricidium
364 2165 434 2204 Hercei
445 2165 578 2216 portarunt
593 2166 689 2215 iotcprcrc
703 2165 786 2204 ulterius
802 2168 881 2204 rccuset.

265 2245 310 2292 Reg.
323 2244 378 2281 Alex.
391 2245 457 2292 fragm.
470 2257 498 2292 ep.
512 2246 540 2290 16,
553 2245 565 2280 l.
578 2245 590 2280 l.
603 2245 635 2281 fot.
648 2244 697 2280 trab.

114 2352 216 2395 Decano1
231 2356 253 2395 et
269 2353 363 2408 capitulo
376 2353 489 2395 Meldensi.
514 2354 635 2410 Maioribus
649 2353 739 2396 ecclesie
751 2353 873 2396 redditibus
889 2354 911 2395 in
925 2358 981 2398 1179
990 2373 1018 2399 ex.

56 2438 96 2466 sua
110 2424 235 2479 integritate
251 2424 435 2480 permanentibus,
451 2425 564 2479 indignum
580 2428 613 2467 est
628 2425 698 2480 valde,
715 2429 739 2467 ut
754 2426 847 2468 minores
863 2440 911 2481 pre-

55 2495 125 2538 bende
146 2497 253 2551 recipiant
272 2497 394 2539 sectionem.
425 2496 508 2540 Audito
531 2497 644 2552 siquidem,
666 2497 724 2552 quod
740 2496 831 2539 dilectus
853 2496 911 2539 filius

55 2570 129 2609 noster
143 2567 257 2624 H(erveus)
278 2569 302 2617 in
323 2567 415 2610 ecclesia
432 2571 506 2610 restra
525 2568 654 2622 aliquandiu
673 2569 756 2612 curiose
776 2569 875 2611 servierit
890 2573 911 2612 et

54 2651 98 2680 non
113 2639 156 2681 nisi
172 2639 284 2681 dimidiam
299 2638 432 2695 prebendam
450 2640 546 2694 potuerit
565 2639 673 2695 obtinere,
690 2639 752 2682 fratri
767 2644 841 2684 nostro
857 2640 910 2683 Mel-

55 2707 116 2752 densi
132 2711 233 2766 episcopo
250 2710 347 2753 dedimus
363 2711 386 2753 in
397 2710 513 2764 mandatis,
531 2714 638 2765 quatenus
652 2725 700 2754 eam
713 2712 797 2767 prefato
810 2711 910 2768 H(erreo)

55 2785 142 2824 curaret
162 2782 332 2825 misericorditer
352 2784 468 2837 integrare.
504 2780 586 2823 Vermn
608 2784 660 2837 qnia
683 2782 780 2837 quidam,
804 2783 862 2838 quod
884 2784 911 2826 de

54 2853 203 2896 misericordia
222 2852 322 2908 facimus,
344 2854 469 2897 uiolentiam
483 2854 664 2908 interpretantur,
687 2855 823 2897 universitati
838 2858 911 2898 vestre

54 2938 94 2978 per
109 2924 228 2980 apostolica
250 2926 332 2981 scripta
353 2925 490 2980 mandamus,
514 2928 620 2980 quatenus
642 2926 764 2981 predictum
786 2928 912 2983 episcopum

114 3049 122 3064 ἢ
134 3048 155 3088 cf.
169 3058 217 3087 sopora
230 3058 263 3088 epp.
277 3046 312 3079 311
324 3054 338 3079 ct
350 3047 386 3080 312
393 3020 415 3079 ‘ia
422 3050 460 3088 flac.

114 3115 121 3135 ¹
132 3114 224 3152 Michaeli.
